2924 4966
151 377 221 440 lsi
515 389 731 437 rtaornauur
754 389 951 443 nonncm

155 557 211 619 llla
227 555 308 617 verb
325 576 450 637 semper
469 553 562 616 Beati
581 552 753 617 Cuthberti
775 554 972 618 memoriam
989 554 1107 618 animo
1123 555 1263 640 praetulit,
1277 569 1302 620 et

150 647 217 705 sine
235 642 466 705 intermissione
484 641 577 726 ipsius
595 640 715 704 timoris
732 640 997 725 indignationem
1014 642 1198 728 pertimuit.
1242 644 1303 709 Om-

151 731 182 793 ni
199 731 328 817 quidem
344 744 508 793 ntomento
525 729 669 792 tremoris
686 728 904 793 inconstantia
920 744 957 793 et
979 734 1107 794 mentis
1123 732 1302 796 hesitatione

151 819 328 893 contabuit,
347 819 490 903 eoquod
517 817 608 880 Beati
628 815 801 880 Cuthberti
818 817 875 880 irae
900 817 1057 882 furorem
1078 820 1219 905 expavit.
1260 820 1303 882 'li-

152 906 230 968 nntit
255 907 383 992 quidem
406 929 494 970 more
519 903 720 978 indesinenti,
746 925 786 967 ne
804 905 1007 991 aliquotiens
1033 907 1171 971 insaniae
1194 909 1303 972 demen-

152 996 229 1056 tiam
248 994 433 1069 inenrreret,
451 1007 482 1057 et
500 991 661 1056 sensibiles
678 991 792 1056 animae
809 1006 930 1069 motus,
947 994 1036 1057 sicut
1054 996 1195 1060 emerita
1205 997 1301 1073 fuerat,

152 1081 282 1142 omnino
299 1082 476 1144 amittendo
493 1096 637 1144 exueret.
686 1078 861 1166 Nunquam
878 1081 968 1144 enim
989 1083 1126 1166 putavit
1146 1108 1180 1148 se
1204 1086 1302 1148 Sancto

156 1169 337 1231 (futhberto
361 1193 453 1253 posse
469 1169 543 1232 satis
566 1169 682 1244 facere,
701 1168 749 1231 rel
776 1167 874 1252 ipsius
895 1169 1138 1250 indignationis
1155 1172 1303 1257 experien-

154 1257 229 1319 tiam
246 1258 388 1342 qnolibet
406 1258 502 1320 inodo
518 1256 730 1339 subfugiendo
742 1256 894 1320 evadere.
945 1257 1077 1321 Beatus
1092 1271 1203 1324 tamen
1218 1261 1303 1325 Cuth-

153 1345 262 1407 bertns
282 1344 408 1428 pietatis
425 1345 593 1408 dulcedine
609 1344 734 1420 dactus,
752 1344 968 1428 poenitentem
986 1347 1020 1407 in
1040 1349 1212 1432 parcendo
1226 1348 1303 1411 susti·

154 1432 233 1501 nuit,
252 1447 284 1494 et
301 1433 352 1515 pia
368 1432 617 1515 longanimitatis
640 1431 794 1515 patientia
809 1431 892 1495 illius
909 1434 1164 1519 tranquillitatis
1181 1437 1301 1500 offensas

153 1518 349 1601 indulgendo
365 1520 475 1604 piavit.
534 1521 584 1582 Bx
600 1519 647 1582 his
671 1519 767 1603 igitur
789 1520 995 1603 perpendere
1020 1524 1205 1605 poterimus
1220 1546 1302 1611 quam

152 1608 305 1670 districta
330 1608 610 1671 animadversionis
634 1608 664 1669 in
690 1623 939 1690 transgressores
963 1607 1074 1692 ipsum
1101 1612 1235 1677 eredere
1256 1611 1302 1675 de·

152 1696 305 1771 beannts3
330 1710 426 1781 atque
448 1711 577 1781 quanta*¹
598 1695 763 1759 munditia
788 1694 829 1757 sit
853 1711 991 1772 amator,
1017 1698 1076 1784 qui
1103 1700 1204 1764 etiam
1219 1699 1301 1763 sexis

154 1783 294 1846 lierninei
318 1797 382 1846 tarn
400 1783 518 1868 rigidus
543 1784 702 1846 exstiterit
726 1795 923 1867 persecutor.
971 1783 1053 1848 Non
1071 1801 1185 1852 tamen
1201 1810 1301 1852 sexum

153 1871 241 1933 illurn
257 1872 448 1934 detestando
471 1873 682 1959 persequitur,
700 1871 755 1933 sed
778 1870 954 1934 occasionis
971 1871 1190 1960 delinquendi
1212 1888 1301 1940 mate-

153 1958 231 2022 riam
248 1960 442 2043 ampntando
458 1960 577 2024 elidere
594 1974 736 2023 conatur.

154 2225 253 2287 CAP.
279 2226 518 2290 LXde—De
543 2228 662 2289 caballo
680 2226 838 2306 cujusdam
862 2224 984 2287 Militis
1008 2226 1164 2308 Harpioi
1181 2250 1241 2310 per
1260 2230 1299 2292 a·-

240 2316 332 2375 dunm
360 2319 391 2376 t'n
414 2336 498 2376 nture
520 2318 672 2387 dimerso‚·
701 2315 847 2396 quomodo
874 2313 995 2374 Beatus
1023 2315 1213 2379 Cuthbertns
1239 2337 1300 2380 cum

240 2423 349 2463 sanum
364 2404 400 2465 de
415 2405 511 2465 medio
526 2406 624 2464 moris
646 2404 791 2475 ademerit,
813 2407 842 2461 et
863 2402 908 2462 ad
927 2402 1065 2480 lapidem
1088 2424 1298 2479 marmoreum,

240 2511 327 2570 qttctn
350 2491 386 2552 dc
413 2492 514 2552 Ilontd
541 2492 661 2567 tulerat,
677 2499 706 2552 et
729 2493 761 2550 in
783 2488 901 2550 laurenti
924 2490 1089 2569 deficeret,
1105 2497 1227 2556 cunctis
1243 2499 1299 2556 alu·

236 2580 378 2656 portibus
388 2582 569 2659 pervenerit.

203 2750 306 2813 Badis
332 2753 432 2828 lesse,
450 2776 522 2838 qnae
552 2752 583 2814 in
611 2751 717 2814 medio
741 2749 932 2834 populorum
960 2750 1073 2828 oritur,
1099 2751 1230 2837 signnm
1255 2766 1300 2817 est

149 2839 287 2922 justicia}
319 2840 447 2918 Christi,
474 2843 564 2925 cnjus
591 2838 759 2903 clementia
789 2850 874 2900 terra
900 2837 1080 2924 caelumque
1103 2841 1299 2924 pacificatur.

160 2926 263 2989 lladix
281 2942 327 2991 est
344 2929 384 2990 de
401 2953 465 3014 qno
481 2928 624 3011 exsurgit
640 2926 765 2989 virtutis
781 2925 924 3000 inicinm3
935 2925 967 2986 in
983 2927 1091 2990 medie
1107 2929 1300 3013 populorum

153 3016 284 3093 sistitur,
318 3031 348 3079 et
380 3019 438 3080 snb
469 3018 558 3101 cujas
589 3015 773 3078 umbraculo
807 3012 1015 3098 protectionis
1049 3037 1146 3078 omne
1183 3017 1298 3081 bonum

152 3102 363 3169 inchoationis
379 3104 510 3167 innitur.
544 3106 677 3187 Signum
692 3103 769 3166 verb
783 3101 921 3186 justiciae
937 3100 1138 3186 intelligitur,
1156 3127 1200 3168 eo
1216 3103 1299 3191 quod

152 3193 254 3254 onmis
271 3193 487 3256 sanctimoniae
499 3191 686 3276 justificatio
699 3188 794 3275 ipsius
811 3189 938 3273 pietatis
951 3188 1115 3273 signaculo
1131 3191 1298 3276 sigillatur.

157 3280 257 3364 Cujus
284 3281 467 3345 imitationis
492 3281 592 3343 sonna
619 3278 771 3342 effulsisse
800 3278 918 3340 Beatus
952 3277 1152 3341 Cuthbertns
1184 3280 1298 3344 merito

153 3370 305 3446 creditur,
324 3372 411 3454 cnjus
428 3368 602 3432 dulcedinis
618 3366 755 3429 suavitas
768 3365 853 3428 omni
865 3364 993 3449 pietatis
1006 3365 1170 3430 affluentia
1182 3368 1298 3432 redun-

154 3455 230 3519 dare
247 3459 382 3521 videtur.
430 3456 514 3519 Nam
531 3456 676 3518 omnibus
692 3455 751 3517 sibi
774 3453 898 3516 devotis
921 3476 964 3515 ex
986 3455 1209 3538 compassione
1225 3479 1298 3520 con-

153 3546 237 3622 salit,
257 3560 289 3608 et
304 3545 486 3629 petentibus
503 3546 623 3607 eunctis
640 3566 681 3605 ex
705 3541 927 3605 consolationis
952 3540 1164 3607 medicamine
1187 3566 1298 3608 occur·

153 3631 204 3695 rit.
255 3634 336 3706 (lure
353 3634 458 3697 onmia
473 3632 584 3695 melitis
600 3630 824 3694 miraculorum
842 3628 991 3713 operibus
1007 3631 1186 3715 comperire
1207 3644 1298 3717 potc-

152 3720 249 3784 rimns
266 3746 361 3808 qnam
377 3723 546 3785 verboram
563 3720 667 3782 insulis
685 3719 918 3804 prosequendo,
936 3716 1037 3780 lituris
1053 3730 1087 3780 et
1102 3740 1168 3781 non
1183 3718 1297 3783 litteris

154 3807 333 3873 describere
350 3811 521 3873 valeamus.
569 3809 620 3871 De
636 3830 771 3893 quorum
787 3806 903 3869 effectu
920 3827 1052 3890 operum
1068 3804 1148 3869 illud
1171 3807 1298 3892 praemi-

153 3899 252 3961 rabile
269 3898 409 3961 creditur
424 3898 511 3984 quod
527 3920 609 3958 nnnc
626 3893 831 3979 subsequenti
848 3907 959 3956 tenore
975 3892 1139 3956 subicitur.
1189 3894 1297 3980 Roge-

153 3984 237 4063 rins¹,
255 3988 341 4071 prior
358 3986 593 4061 lhnnhnensis,
613 3984 659 4046 vir
682 3981 807 4045 exinnoe
831 3980 1006 4044 honestatis
1030 3992 1063 4043 et
1079 3982 1196 4066 operis,
1213 3983 1299 4048 eirca

157 4070 248 4136 Beati
269 4076 439 4139 Cuthberti
456 4074 588 4157 gloriam
604 4072 704 4134 malta
723 4069 894 4132 devotione
918 4081 1128 4144 excreverat3
1152 4070 1240 4134 nndc
1264 4083 1297 4135 et

154 4162 368 4238 pavimentant
385 4162 480 4246 ipsius
496 4160 638 4223 ecelesia
654 4171 754 4221 strato
769 4180 926 4220 marmore
939 4179 1130 4240 componere
1147 4157 1297 4244 dispone-

153 4243 218 4310 bat.
268 4251 353 4324 Quia
377 4251 461 4313 eninr
490 4247 646 4311 ulterioris
672 4249 784 4330 patriae
808 4245 945 4329 regionis
970 4244 1188 4310 transmarinae
1204 4269 1297 4332 pere-

445 4453 451 4488 ¹
473 4452 544 4502 Prior
557 4449 586 4499 of
600 4449 717 4500 Durham
729 4449 794 4501 from
810 4452 873 4505 1137
891 4456 917 4500 to
933 4451 1005 4499 llta.
