2924 4966
171 310 222 379 30
296 380 303 397 ,
515 326 732 377 noomanur
762 328 944 379 nroxacur

172 482 377 570 cumularem,
394 491 531 578 parietes
547 490 657 555 scuttis
672 514 751 556 auro
766 492 961 557 radiantibus
984 493 1237 579 perlustrarem.
1287 496 1328 564 Et

170 604 266 667 super
287 581 356 645 haec
379 581 486 645 omnia
511 580 602 644 laetus
625 595 658 644 et
681 580 786 645 alacer
807 581 958 667 pincerna
979 582 1119 669 copiosis
1143 586 1327 653 crateribus

171 669 245 733 vino
261 669 483 734 scintillantem
498 682 610 732 contra
625 692 682 731 suo
697 692 848 756 sequaces
871 670 1062 755 insurgeret,
1080 674 1240 739 cornibus
1260 696 1326 741 me-

170 758 254 821 done
270 757 478 843 crispantibus
502 756 705 833 subserviret,
722 757 767 821 ita
790 771 825 820 ut
844 757 1010 843 ciphorum
1032 760 1218 827 multitudo
1232 764 1326 829 inuu-

169 867 294 910 merosa
305 846 433 909 omnino
448 845 569 908 fuisset.
618 844 704 907 lnsra
714 867 849 909 cameroe
864 869 945 909 rneae
957 859 992 909 et
1006 846 1118 911 lectuli
1128 850 1246 916 auleas
1258 852 1324 917 cul-

169 933 280 997 citram
303 947 513 1019 praeparatam
534 933 562 997 ei
587 933 832 1009 substernerem,
850 932 983 1018 propriis
1006 936 1156 1001 manibus
1185 962 1265 1004 eum
1290 939 1322 1004 iu

168 1023 302 1105 grabato
317 1021 516 1097 collocarem,
537 1021 635 1105 pedes
651 1043 727 1083 vero
742 1023 810 1107 ejus
825 1021 857 1084 iu
873 1021 942 1085 sinu
957 1020 1034 1085 mihi
1050 1037 1085 1089 et
1099 1026 1230 1110 gremio
1244 1050 1322 1092 con-

169 1109 341 1173 lbvercm.”
371 1109 477 1172 Multa
489 1109 584 1193 igitur
596 1122 629 1171 et
638 1108 819 1194 hujusmodi
834 1109 958 1173 infinita
972 1112 1154 1191 contexuit,
1167 1114 1216 1179 ita
1230 1116 1318 1216 quod

168 1197 265 1260 etiarn
285 1197 485 1261 audientibus
508 1195 640 1260 taediunr
662 1196 877 1261 admirationis
901 1197 1038 1263 induxit.
1088 1200 1218 1281 Senior,
1235 1216 1319 1269 mte-

168 1285 239 1362 rim,
254 1285 301 1347 his
317 1308 497 1348 sermonum
509 1284 642 1370 eloquiis
658 1307 732 1348 eum
744 1285 939 1370 aggreditur,
951 1300 984 1350 et
1001 1287 1111 1353 taliter
1121 1290 1316 1357 exhortatus

168 1373 293 1436 affatur.
326 1372 440 1436 “Vide
456 1386 492 1436 ut
513 1372 628 1449 omnia,
646 1395 718 1459 quae
734 1372 853 1451 dixisti,
874 1373 977 1437 Beato
995 1375 1183 1443 Cuthberto
1197 1379 1316 1444 suffici·

167 1475 259 1525 enter
274 1484 444 1546 proepares,
455 1475 488 1525 et
500 1461 599 1525 verba
614 1460 762 1545 operibus
777 1462 1000 1548 prosequendo
1016 1463 1221 1543 conformes;
1237 1467 1314 1555 quia

166 1572 230 1612 non
246 1550 343 1634 longo
358 1566 502 1634 tempore
517 1548 747 1612 interveniente
775 1549 910 1613 Beatum
936 1550 1154 1616 Cuthbertum
1176 1554 1313 1621 habebis

165 1638 333 1724 hospitem,
351 1638 407 1701 sed
422 1660 504 1722 pene
519 1637 634 1700 nullius
650 1636 679 1700 ei
694 1636 821 1699 honoris
838 1637 1036 1703 exhibiturus
1052 1640 1114 1703 eris
1130 1641 1314 1709 humanita-

167 1728 262 1790 tem.”
311 1726 391 1790 Haec
415 1726 522 1813 itaque
545 1724 656 1810 spiritu
679 1724 866 1809 prophetico
883 1725 929 1788 vir
951 1724 1014 1789 Dei
1035 1728 1201 1811 praedixit.
1250 1732 1312 1799 Ille

165 1838 242 1878 vero
258 1814 437 1898 indignatus
452 1837 525 1878 cum
541 1812 729 1877 sacramenti
744 1812 948 1877 attestatione
965 1837 1128 1902 nunquam
1142 1840 1176 1881 se
1192 1842 1214 1883 a
1235 1842 1314 1905 pro-

165 1902 263 1966 missis
276 1902 475 1967 del'ecturum
487 1900 630 1965 asseruit.
679 1900 803 1964 Accidit
815 1924 893 1985 crgo
930 1902 994 1966 uod
1009 1925 1072 1965 non
1085 1904 1213 1970 diutino
1229 1919 1314 1973 tem·

163 2013 240 2075 pore
253 2004 369 2054 exacto
381 2005 551 2075 tempestas
561 2012 646 2052 saeva
657 1988 881 2075 inquietudinis
900 1989 1074 2054 Ecclesiam
1094 1992 1188 2057 Beati
1204 1996 1312 2061 Cuth-

164 2079 248 2142 berti
270 2078 473 2163 perurgendo
496 2077 682 2153 invaderet,¹
699 2076 808 2177 eisque
830 2076 916 2161 fugae
939 2077 1122 2162 praesidium
1144 2080 1227 2147 inire
1243 2107 1312 2151 una

164 2188 236 2229 curn
256 2165 348 2229 Beati
364 2165 533 2230 Cuthberti
549 2188 682 2250 corpore
698 2165 742 2228 eis
758 2165 1005 2249 rmportunitatis
1017 2168 1188 2233 necessitas
1205 2170 1312 2259 irnpe-

70 2320 73 2325 ,
164 2265 261 2317 raret.
310 2253 375 2326 Qui
389 2252 433 2315 nil
456 2253 614 2317 dilationis
637 2252 774 2316 inserere
797 2252 950 2337 permissi,
967 2277 1044 2318 mox
1066 2256 1176 2341 sugam
1192 2261 1312 2348 arripi.

163 2354 253 2404 entes
270 2340 389 2419 ineunt,
408 2353 440 2405 et
455 2341 540 2426 apud
560 2341 697 2404 Insulam
719 2340 971 2405 Lindisfarneam
993 2344 1141 2428 praesidia
1155 2348 1311 2415 munimi-

162 2429 209 2492 nis
225 2453 258 2493 se
274 2429 457 2493 inventuros
472 2428 666 2493 consulendo
681 2429 928 2513 disposuerunt.²
984 2431 1036 2495 Ad
1051 2431 1133 2496 illius
1149 2456 1231 2520 ergo
1247 2438 1311 2505 viri

162 2518 303 2594 domum,
335 2518 376 2582 de
405 2540 469 2604 quo
496 2517 710 2602 praediximus
736 2518 865 2581 nuncios
895 2518 1014 2582 celeres
1044 2519 1247 2604 direxerunt,
1273 2542 1311 2593 et

168 2606 270 2669 Beato
289 2607 469 2670 Cuthberto
485 2605 597 2670 domus
621 2605 716 2690 ipsius
732 2605 901 2669 novissima
922 2628 982 2690 pro
1004 2606 1136 2692 hospicii
1160 2614 1310 2697 tegmine

161 2694 371 2778 postularunt.
420 2693 485 2767 Qui
500 2716 577 2757 mox
592 2693 711 2756 nullam
727 2693 839 2757 domiss
855 2717 921 2756 suae
937 2694 988 2758 vel
1002 2695 1206 2763 domunculae
1231 2725 1307 2788 por.

162 2781 335 2846 tiunculam
350 2783 380 2846 ei
393 2782 443 2845 vel
458 2782 520 2846 suis
536 2781 642 2866 largiri
658 2804 749 2866 posse
765 2781 909 2859 asseruit,
927 2785 1068 2870 eoquod
1090 2785 1213 2869 priores
1230 2789 1311 2857 hos-

160 2869 252 2954 piteS,
270 2893 348 2957 quos
366 2871 434 2955 jam
456 2893 523 2955 prae
539 2870 693 2934 ebrietate
709 2868 850 2933 furentes
873 2871 1070 2950 accersierat,
1087 2873 1129 2937 de
1151 2875 1310 2947 domibus

160 2958 222 3022 suis
239 2959 400 3044 expellere
416 2982 479 3022 uon
501 2957 674 3043 potuerint.
723 2957 825 3041 Igitur
840 2958 944 3021 aulam
960 2978 1150 3047 omnemque
1163 2964 1310 3035 domun.

160 3047 264 3111 culam
279 3048 329 3111 vel
345 3048 458 3132 hospes
474 3047 610 3110 furiosus
626 3045 814 3129 impleverat
829 3047 880 3110 vel
895 3047 996 3131 spolia
1014 3049 1209 3135 equestrium
1222 3059 1308 3123 sub-

154 3135 243 3218 jecta
257 3136 474 3221 possederant.
523 3134 572 3198 Illi
583 3157 669 3212 vero,
688 3147 781 3197 nocte
792 3134 861 3218 jam
876 3133 1070 3215 imminente,
1087 3160 1208 3222 praeces
1224 3165 1308 3232 sup-

158 3223 254 3307 plices
267 3223 550 3308 congeminabant;
567 3235 599 3285 et
611 3221 666 3284 vix
680 3222 810 3286 taudem
825 3222 931 3286 horrei
947 3224 994 3287 sui
1009 3225 1200 3309 posteriores
1215 3230 1304 3299 fines

158 3324 306 3376 vacantes
326 3312 470 3375 obtinere
489 3310 733 3396 praevaluerant.
782 3309 859 3387 Ubi,
877 3310 958 3375 sicut
976 3326 1134 3396 poterant,
1156 3317 1303 3387 cortinas

157 3413 190 3464 et
206 3400 412 3465 tabemacula
423 3399 552 3464 interius
565 3398 776 3462 extendentes
793 3412 961 3462 erexerant
967 3424 976 3475 ;
992 3401 1303 3478 et,inter1nediante

156 3488 286 3552 domum
308 3488 450 3553 funiculo
471 3502 503 3551 ct
527 3500 676 3572 protenso
695 3485 851 3549 lineorum
877 3488 1072 3568 umbracu10,
1096 3490 1129 3554 in
1151 3490 1303 3565 interiori

155 3577 284 3642 domate
304 3576 396 3640 Beati
416 3574 587 3640 Cuthberti
606 3598 720 3660 corpus
743 3574 964 3658 componendo
987 3576 1179 3643 locaverant.
1230 3582 1304 3650 Ibi.

155 3689 229 3752 que,
251 3665 283 3728 in
297 3664 412 3749 magnis
427 3663 576 3748 egestatis
599 3661 731 3748 penuriit
753 3674 988 3747 pernoctantes,
1005 3664 1046 3728 de
1071 3665 1187 3731 Divitis
1211 3668 1303 3739 illius

157 3753 328 3817 affluentiae
344 3752 441 3838 copiis
456 3751 552 3814 nichil
567 3751 692 3836 penitus
708 3751 896 3814 omnimodis
912 3751 1057 3836 precibus
1073 3755 1218 3821 obtinere
1237 3781 1304 3843 po.

154 3854 293 3906 tuerant.
349 3842 422 3926 Ipse
442 3863 519 3902 vero
538 3862 610 3902 cum
629 3839 691 3902 suis
709 3838 880 3903 insaciabili
896 3839 1024 3924 crapula
1038 3841 1300 3927 distendebatur3

154 3930 234 3992 etin
257 3929 414 4014 spendore
429 3950 626 4012 gemmarum
641 3927 758 4012 pocula
779 3950 877 3990 aurea
891 3930 1005 3991 mensis
1029 3931 1159 4014 sparsim
1174 3933 1301 4001 insere.

152 4018 279 4080 bantur.
327 4015 466 4079 Ministri
490 4038 566 4079 vero
593 4015 687 4079 Beati
713 4014 883 4079 Cuthberti
900 4016 1021 4102 hyemis
1044 4017 1152 4103 algore
1170 4019 1298 4091 nivium

150 4249 152 4253 .
185 4178 240 4262 [ln
251 4181 366 4260 maraine,
378 4195 453 4229 mana
469 4180 558 4235 ecdem,
575 4179 651 4228 Anno
669 4179 857 4229 lucarnationis
877 4183 1004 4231 u.ux.v1⁰
1018 4187 1132 4248 tempore
1149 4183 1291 4240 willielmi

151 4248 364 4377 Resglirlnrlllyilnc,
376 4332 407 4363 m.
417 4330 438 4364 e.
456 4314 543 4364 Primo
555 4310 596 4363 die
607 4313 633 4363 in
647 4313 671 4366 G
683 4314 807 4383 [irwuml.
819 4316 930 4368 secundo
941 4317 968 4367 in
976 4315 1065 4384 Betlig
1077 4322 1158 4385 [tun],
1171 4323 1250 4373 tercio
1259 4324 1288 4375 in

148 4384 218 4449 villa,
231 4386 256 4436 in
270 4384 324 4434 loco
337 4398 394 4447 quae
405 4381 518 4450 Tughall
530 4381 631 4431 dicitur.
