2924 4966
186 338 233 409 lli
327 372 332 378 ·
533 363 749 413 nsorxsrnr
779 366 977 427 nossent,

183 523 278 586 tionis
305 522 450 586 cordium
476 547 545 587 esse
572 525 777 590 inveniuntur
812 576 821 590 .
855 528 921 591 Tot
941 528 1072 614 quidem
1090 529 1341 614 progressiones

181 609 375 674 diversitatis
394 610 534 675 efficiunt
553 626 633 698 quot
653 636 787 697 operum
810 615 1119 680 dissimilitudinibus
1142 639 1163 680 a
1181 641 1217 681 se
1244 641 1341 684 rece·

182 697 264 760 dunt
288 744 296 760 .
330 697 494 761 Virtutum
514 714 622 763 tamen
640 701 848 765 tabernacula
865 718 939 766 sunt
957 702 1033 788 quia
1049 703 1127 767 boni
1145 705 1255 789 operis
1276 707 1341 769 ad·

182 784 405 849 ministrationi
431 785 616 850 deserviunt
651 834 659 849 .
698 789 842 852 Virtutes
865 804 951 866 sunt,
967 790 1082 876 quibus
1107 791 1190 854 vires
1215 793 1339 876 gratiae

180 887 407 957 recuperantes
422 895 626 957 reparamus;
650 875 856 939 tabernacula
873 900 951 940 sero
969 893 1043 940 sunt
1062 879 1198 943 affectius
1216 883 1340 963 gratiae

182 960 242 1024 sub
265 982 401 1110 ‹puorum
425 961 611 1024 umbraculo
634 976 724 1024 actus
744 962 869 1026 virtutis
893 964 1100 1051 exsequimur
1135 1012 1144 1028 .
1181 966 1266 1029 Haec
1290 990 1340 1032 ex

181 1047 272 1131 operi
296 1069 332 1109 us
356 1048 547 1112 Sanctorum
566 1047 759 1112 admirandis
779 1050 1015 1126 ostenduntur3
1048 1051 1124 1138 quia
1145 1053 1337 1138 praeclaiius

181 1157 241 1220 per
255 1148 344 1198 actus
360 1157 493 1220 operum
508 1158 604 1223 quam
619 1158 677 1219 per
691 1137 861 1221 strepitum
883 1160 1066 1202 sermonum
1090 1139 1155 1202 Dei
1178 1140 1339 1206 miracula

182 1223 376 1309 eloquuntur
399 1270 408 1286 .
434 1222 526 1300 Caeli,
543 1222 597 1309 qui
620 1222 746 1286 virtutis
764 1223 942 1289 imitatione
961 1239 995 1288 et
1013 1225 1193 1289 animorum
1207 1226 1338 1292 inhabi-

183 1313 305 1373 tatione
320 1324 393 1373 sunt
406 1310 547 1385 coelibes,
563 1325 596 1374 et
612 1309 699 1373 idem
718 1333 761 1373 ex
775 1311 984 1376 beatitudinis
999 1312 1069 1376 caeli
1084 1314 1337 1398 participatione

183 1410 358 1473 consortes,
375 1397 457 1460 hanc
473 1397 599 1460 virtutis
614 1397 816 1461 altitudinem
832 1414 1004 1475 enarrant;
1020 1412 1112 1463 etex
1127 1401 1338 1484 praedicatio-

183 1483 231 1546 nis
246 1483 381 1548 sollicitat
395 1484 668 1548 administratione
680 1486 906 1550 commendant
934 1535 943 1550 .
974 1486 1039 1560 Qui
1055 1486 1209 1550 caelorum
1224 1488 1338 1553 firma-

183 1584 327 1634 mentum
349 1572 465 1635 merito
487 1571 647 1648 dicuntur,
675 1573 751 1657 quia
773 1573 959 1637 inferiorum
986 1589 1020 1637 et
1042 1573 1144 1658 magis
1169 1574 1338 1658 fragilium

184 1658 264 1722 fides
279 1674 313 1722 et
328 1681 427 1743 opera
440 1659 474 1721 in
488 1658 534 1722 eis
556 1658 700 1722 radicata
719 1659 893 1723 fundantur
928 1709 937 1724 .
974 1661 1138 1724 Mirabilia
1152 1662 1252 1744 igitur
1268 1662 1337 1726 Dei

183 1746 225 1809 ab
251 1745 297 1809 eis
317 1746 505 1810 annuntiata
526 1747 733 1831 deteguntur,
755 1747 844 1824 dum,
869 1770 932 1811 non
950 1762 1075 1812 tantum
1093 1770 1114 1811 o
1156 1748 1258 1825 ribus,
1275 1751 1338 1814 sed

183 1832 280 1897 etiam
292 1833 517 1898 miraculorum
529 1833 723 1897 mirabilibus
735 1833 938 1903 declarantur
962 1883 970 1898 .
997 1835 1078 1898 Haec
1090 1835 1100 1897 i
1125 1859 1166 1899 eo
1174 1835 1217 1900 de
1226 1837 1338 1901 taber-

184 1921 304 1985 naculis
318 1921 446 1985 brevius
469 1920 619 1997 diximus,
638 1934 673 1983 ut
696 1921 897 1985 convenienti
921 1921 1033 1986 ordine
1053 1923 1096 1986 ad
1125 1923 1337 1988 Taberuacu-

184 2007 251 2071 lum
270 2008 362 2073 Beati
382 2007 553 2073 Cuthberti
569 2008 800 2072 descendentes
816 2009 983 2093 pervenire
998 2032 1175 2094 possemus.

388 2181 473 2245 Finit
493 2182 606 2246 Sermo
621 2181 662 2246 de
680 2181 911 2246 Tabernaculis
931 2184 1133 2246 Sanctorum.

186 2429 320 2475 lNClPl'l'
337 2428 507 2472 LIBELLUS
524 2429 568 2471 DE
589 2428 807 2472 Anmlrtssnls
827 2429 931 2472 sitm
952 2428 1156 2471 CUTHBERTI
1172 2428 1336 2472 Vlll'l'll'l'l·

313 2517 378 2560 BUS
396 2516 476 2567 QUAE
491 2516 661 2561 NOVELLlS
677 2516 841 2559 Pirustis
862 2515 951 2559 SUNT
966 2515 1203 2559 TEMPORIBUS.

186 2713 285 2779 CAP.
310 2712 596 2792 XIL-Quomodo
621 2716 720 2777 maris
740 2713 900 2794 plenitudo
920 2713 1053 2774 venienti
1076 2713 1177 2791 ipsim
1200 2709 1337 2792 Corpori

271 2804 482 2864 sacratissimo
504 2804 636 2876 cesserit,
655 2809 685 2863 et
706 2803 806 2862 siccas
820 2802 956 2864 harenas
965 2799 1082 2879 populo
1096 2802 1270 2861 summati
1283 2819 1334 2862 re-

270 2891 390 2951 miserit
402 2911 415 2962 ;
437 2897 466 2951 et
479 2890 589 2970 quibus
608 2888 789 2951 Sanctorum
803 2886 1023 2961 consimilatur,
1039 2886 1112 2948 dum
1125 2885 1239 2948 aldus
1246 2904 1335 2967 pro·

270 2978 368 3039 cottiis
378 2975 545 3057 konmificd
556 2976 741 3038 declaratur.

232 3146 441 3212 Venerandus
459 3147 632 3212 Confessor
650 3145 859 3223 Cuthbertus,
876 3167 940 3209 non
960 3142 1072 3207 mortis
1091 3142 1203 3206 dolore
1223 3141 1334 3208 devic-

185 3248 247 3312 tus,
265 3235 322 3299 sed
348 3234 488 3322 quodam
511 3233 630 3298 blando
656 3231 792 3296 viventis
816 3236 928 3317 tepore
946 3229 1105 3316 perfusus,
1127 3229 1209 3293 sicut
1229 3230 1333 3294 carnis

184 3322 256 3388 labe
272 3321 431 3407 conumpi
447 3321 576 3385 omnino
591 3342 655 3383 non
669 3319 785 3404 potuit,
802 3318 858 3398 sic,
875 3318 962 3405 quod
978 3317 1087 3381 vivens
1099 3316 1132 3379 in
1143 3338 1238 3380 came
1249 3339 1334 3401 prae-

184 3409 322 3488 dixerat,
339 3422 412 3494 post
426 3408 522 3494 ipsius
538 3408 614 3471 vitae
630 3405 810 3491 depositum
825 3406 939 3471 cassari
955 3405 1084 3469 omnino
1098 3426 1164 3468 non
1178 3415 1307 3488 poterat
1323 3451 1332 3471 .

187 3495 335 3585 Namque
351 3497 428 3560 dum
444 3496 474 3560 ei
490 3495 565 3559 vitae
577 3494 683 3559 exitus
699 3493 878 3559 inunineret
893 3506 927 3557 et
942 3505 1042 3557 coetus
1062 3492 1102 3555 ab
1121 3513 1162 3554 eo
1183 3489 1334 3554 Fratrum

185 3585 320 3648 verbum
334 3583 456 3648 ultimae
471 3580 681 3647 edificationis
700 3594 880 3665 expeteret,
900 3579 998 3664 coepit
1013 3579 1054 3642 de
1070 3577 1268 3663 temporibus
1283 3578 1333 3641 ul-

184 3670 269 3734 timis
293 3670 446 3735 sermonis
470 3669 584 3738 seriem
610 3682 733 3746 texere,
761 3682 795 3733 et
818 3667 1007 3754 prophetico
1028 3665 1140 3751 spiritu
1163 3664 1209 3729 eis
1231 3663 1331 3728 futuri

185 3757 283 3822 seculi
295 3758 379 3823 mala
390 3758 565 3842 praedicere
577 3805 584 3821 .
597 3767 619 3798 “
634 3755 779 3833 Sciatis,'’
791 3755 906 3842 inquit,
920 3765 980 3819 “et
989 3753 1143 3817 memorii
1151 3751 1328 3830 retineatis,

186 3845 262 3932 quia
278 3845 303 3908 si
320 3868 376 3909 vos
397 3867 529 3908 unume
548 3845 672 3909 duobus
687 3843 827 3908 adversis
848 3842 968 3928 eligere
989 3840 1159 3905 necessitas
1175 3838 1330 3925 coegerit,

187 3933 288 3997 multo
303 3932 373 4017 plus
389 3931 500 4017 diligo,
517 3944 563 4009 ut,
581 3943 729 3995 eruentes
739 3931 780 3995 de
791 3931 924 4006 tumulo,
937 3930 1150 4014 tollentesque
1166 3927 1332 3991 vobiscum

186 4039 259 4082 mea
273 4042 354 4096 ossa,
374 4018 531 4083 recedatis
550 4019 591 4082 ab
609 4017 657 4081 his
673 4018 761 4096 locis,
784 4031 817 4082 et
838 4017 1019 4102 ubicunque
1044 4016 1134 4079 Deus
1155 4011 1332 4098 providerit

187 4102 300 4168 incolae
322 4105 487 4184 maneatis,
504 4127 600 4194 quarn
623 4117 659 4168 ut
677 4105 741 4170 ulls
755 4105 891 4182 ratione,
908 4102 1143 4167 consentientes
1158 4098 1330 4187 iniquitati,

187 4189 437 4256 scismaticorum
456 4194 537 4277 jugo
561 4191 644 4255 colla
661 4191 822 4256 subdatis”
848 4238 856 4254 .
894 4191 988 4253 Anno
1008 4188 1106 4274 igitur
1125 4189 1165 4252 ab
1189 4188 1333 4252 incarna-

186 4276 274 4341 tione
295 4277 426 4342 Domini
446 4299 648 4343 ncccsxxii.
667 4290 837 4354 transacto,
862 4276 997 4361 contigit
1020 4276 1145 4360 Angliae
1164 4277 1244 4340 fines
1266 4273 1332 4338 lats

185 4376 290 4450 strage
302 4364 416 4430 vastari
434 4389 441 4442 3
458 4379 502 4444 et,
520 4364 663 4429 saevienti
682 4366 872 4451 Pyratarum
891 4363 1147 4449 Praedonumque
1164 4383 1327 4437 mucrone,
