804 1317
247 139 336 151 nussam.
351 138 451 154 maanus,
464 138 506 151 arc.
634 134 658 152 99

89 179 145 201 unguis
153 179 243 199 exordium,
252 180 295 202 quod
307 180 371 196 inferius
382 182 437 201 patere
447 178 530 199 debuerat,
538 179 610 200 superius
621 185 658 200 pro-

89 202 164 221 minebat,
177 202 219 223 quiz
231 201 244 217 si
255 205 299 218 tactu
311 202 407 223 explet-ares,
417 201 474 217 nullius
486 206 549 217 ossuum
561 201 658 217 soliditatem

89 223 146 239 sentire
158 224 246 245 potuisses3
258 224 271 239 si
280 223 353 240 contuitu
364 224 455 240 adverteres
466 223 511 245 quasi
522 223 599 239 concham
610 226 657 239 toruo

89 245 163 261 inflexam
174 249 191 261 et
200 245 250 261 reflue
257 246 361 267 compositam
373 245 464 261 {estimares
487 245 535 261 Tibia
546 245 611 261 incurva
622 248 657 261 tota

89 273 98 283 a
105 267 182 289 principio
189 273 259 289 genuum
266 273 316 289 usque
324 268 339 283 in
348 267 416 283 calcanei
424 267 507 283 exterioris
515 267 582 286 exitum,
602 273 627 283 uie
635 267 657 284 im

88 295 98 305 a
107 289 190 311 posteriori
202 293 247 311 parte
255 293 289 306 erat
300 290 372 308 distorta,
385 293 408 309 ut,
417 289 443 305 ubi
455 295 489 305 esse
501 289 567 305 deberet
578 295 596 305 so
603 289 629 306 “da
640 294 657 305 et

88 311 144 332 rigida,
156 311 178 328 ibi
189 315 231 328 esset
242 312 314 328 flexuosa
325 315 342 327 et
353 314 439 327 eontracta.
464 311 511 327 Genu
523 311 583 332 poplite
595 311 656 330 camin

100 333 130 353 uia,
138 339 182 349 more
190 334 297 355 elephantino,
306 334 388 349 incurvum
397 333 469 349 reclinari
479 333 544 349 omuino
555 338 587 349 non
598 333 656 354 potuit.

88 339 148 371 tliffemur
155 356 171 371 in
179 361 223 371 more
231 355 266 371 calli
274 356 381 374 induraverat,
389 355 426 377 quia
434 355 505 371 naturale
513 355 582 371 officium
590 356 656 371 sedendi

88 380 132 393 nates
142 383 173 393 nan
185 377 270 393 habebant.
295 378 344 393 Erant
355 377 403 398 igitur
413 383 423 393 a
433 377 496 393 renibus
507 383 557 402 usque
568 377 595 393 ilia
605 378 655 399 magis

88 399 163 420 figmenta
170 399 231 421 peeoris
239 405 286 421 quam
293 399 357 415 humani
366 399 417 420 figura
424 399 501 420 eorporis3
509 405 546 421 quia
552 399 586 420 ipsa
593 403 656 416 natura,-

87 421 108 437 lia
119 421 142 437 ita
152 427 173 437 ex
185 421 293 437 contractione
303 421 369 437 confusa
379 421 448 440 fixerant,
458 421 507 443 quod,
519 427 552 442 prae
564 421 656 438 confusione

87 443 177 462 miserabili,
185 443 243 459 nullius
252 443 351 459 certitudinis
362 443 430 464 speciem
442 443 554 464 praeferebant.
578 443 627 462 Quasi
640 443 656 459 in

87 465 118 486 pila
125 465 193 481 rotunda
201 465 270 487 undique
276 465 352 481 tremulus
357 465 510 484 circumducebatur,
517 465 530 481 si
538 465 603 481 sedendi
611 465 656 487 quie-

87 490 119 503 tem
127 487 148 503 ali
159 491 226 503 uatenus
234 487 341 508 intemptaret,
349 487 387 509 quia
394 487 442 503 nichil
449 487 514 503 inferius
522 487 582 503 ossibus
587 487 612 503 vel
620 493 656 503 ner-

87 509 109 524 vis
117 509 146 525 soli
158 515 185 525 um
196 509 306 525 inveniebatur
313 509 357 534 quod
367 509 447 525 residuam
458 509 528 530 eorporis
539 512 601 530 partem
609 515 656 531 rupe-

86 531 118 547 rius
130 537 183 547 sanum
194 531 271 547 sustinere
282 534 365 552 potumset.
389 531 430 547 Cum
442 531 495 553 itaque
507 530 586 547 alimonie
595 531 655 547 victum

86 553 180 574 quoesiturus
189 553 281 572 exiret‚non
290 553 369 574 gressibus
377 553 479 574 procedebat,
488 553 516 569 sed
525 553 596 574 rependo
606 553 656 569 mani-

86 575 115 591 bus
123 581 157 591 sese
165 575 249 591 miserabili
257 575 347 596 spectaculo
355 578 390 596 post
398 581 415 591 se
423 575 474 596 ipsum
481 575 590 596 protrahebat.
614 575 655 591 Ver-

86 602 128 613 mem
139 597 192 618 potius
214 603 250 613 uam
260 597 341 613 hominem
351 597 429 616 crederes,
439 597 452 612 si
462 597 513 618 ipsum
524 597 540 613 in
549 597 611 616 itinere,
622 603 655 613 nnn

86 619 172 635 comminus
184 603 214 635 sed
224 619 285 640 lougius
293 622 376 639 semotum,
383 619 453 638 vidisses,
462 619 499 640 quia
507 619 581 635 incedere
588 619 656 635 nullAte-

86 646 115 656 nus
125 644 194 663 poterat,
203 641 231 657 sed
241 641 371 663 superficietenus
380 641 409 657 sub
417 644 464 657 αξη-Ε
472 641 533 663 gremio
540 641 602 657 bestiali
610 647 654 657 more

85 664 165 685 serpebat.
189 664 270 680 Utebatur
276 664 335 680 etenim
343 663 414 680 scabellis
422 664 484 679 duobus
502 669 521 679 ro
528 663 587 685 pedum
593 663 654 680 incessu

86 689 103 701 et
110 685 194 706 gressibus,
214 692 239 701 um
247 691 276 707 pro
283 685 355 702 manibus
365 688 381 701 et
392 685 460 707 pedibus
468 685 483 701 ei
489 669 562 704 {zeraam
574 686 616 707 quia,
625 685 655 702 nisi

85 707 182 728 procedendi
190 713 200 723 o
217 707 258 723 cium
266 708 371 727 solummodo,
377 707 425 723 nichil
433 707 447 723 ei
455 707 524 729 reptanti
531 713 607 723 manuum
614 708 655 724 sola-

86 729 109 745 tia
116 729 224 746 conferebant.
241 730 332 746 Miserabile
340 733 375 745 erat
382 729 440 745 intuitu
449 735 485 745 eum
491 730 532 745 viam
540 733 613 751 carperet
617 736 655 746 eum

85 751 143 767 vidisse
149 754 239 777 conspectu,
248 751 285 773 quia
293 751 309 767 in
316 751 354 767 limo
362 751 440 773 palpitans
447 752 524 771 baerebat,
533 751 549 767 iu
557 757 602 767 omno
608 757 654 768 revo-

85 773 127 789 lutus
140 779 223 795 resupinus
234 774 325 795 proruebat,
336 774 365 789 sub
378 773 413 789 luto
426 773 509 794 depressus
521 773 548 789 vix
560 773 654 789 reviviscens

85 796 180 817 quandoque
186 795 263 817 respirare
269 798 349 817 potuerat.
373 795 390 811 Si
395 799 449 811 autem
456 795 528 811 imbrium
535 795 581 817 eopia
585 795 654 811 viantem

85 817 177 839 corriperet,
186 817 244 833 modici
252 817 298 833 rivuli
306 817 380 833 transitus
392 823 421 838 pro
428 817 483 833 mortis
491 817 505 833 ei
514 817 564 833 exitio
575 818 655 839 promine-

84 842 115 859 ret,
122 839 159 861 quia
165 839 225 855 viarum
232 839 311 861 profunda
316 839 427 855 submersionis
436 839 464 860 ipsi
469 839 569 855 minabantur
576 839 653 860 pericula:

85 861 109 877 sin
118 867 157 877 vero
168 861 234 882 gurgitis
245 861 342 877 incrementa
353 861 463 882 pervaderent,
472 861 529 877 nullius
540 861 594 882 effugii
605 867 654 882 praes-

85 887 119 899 tare
131 884 222 899 viderentur
235 883 306 899 latibula.
331 884 371 899 Cum
384 886 437 899 autem
450 889 525 899 suorum
537 883 612 904 asperitas
624 884 653 899 sub

84 905 154 927 repentis
165 905 270 927 protractibus
278 905 374 924 incidissent,
383 911 421 921 mox
433 905 516 921 vulnerum
523 905 575 921 hiatus
583 905 609 921 vel
620 911 654 921 car-

84 927 108 943 nis
116 927 204 943 frustratim
211 933 272 943 morsus
280 927 380 948 discerpsisse
389 927 450 943 videres
457 933 461 946 ς
469 927 482 942 si
491 933 528 943 vero
536 927 616 943 exsiecato
624 927 652 943 luti

84 949 171 971 squalentis
184 950 249 974 pulvere
261 955 300 965 aura
312 949 405 965 modestiori
416 955 478 970 gressus
490 949 588 968 intendisset,
600 949 654 965 subito

84 971 167 987 oculorum
175 977 216 987 Visus
226 971 314 992 diriguisse,
334 977 361 987 uos
372 971 423 992 pulvis
434 971 493 987 infusus
503 971 583 990 foedasset,
591 971 653 992 prospi-

84 999 134 1009 ceres.
158 993 210 1014 Hujus
216 993 261 1009 exitii
267 993 319 1009 evitan
332 993 392 1014 'gratia
399 993 471 1015 pulvillos
477 993 507 1009 sibi
515 996 604 1012 consuerat,
624 999 653 1009 uos

84 1015 105 1031 de
113 1015 183 1036 phitatiis
191 1015 216 1031 vel
223 1015 300 1037 pelliculis
308 1015 388 1031 veteribus
396 1015 451 1031 sedulo
459 1018 583 1036 aggregaverat;
591 1021 608 1031 se
627 1021 653 1031 so-

84 1037 121 1053 litus
131 1037 206 1053 movendi
218 1043 254 1053 usus
266 1043 313 1059 quam
323 1037 390 1053 celerius
398 1043 469 1062 quosque
479 1037 571 1053 devorando
580 1040 597 1053 et
607 1037 652 1053 dete-

83 1059 134 1075 rendo
145 1059 253 1075 consumebat.
277 1059 306 1075 His
318 1059 371 1084 itaque
382 1059 457 1080 fatigatus
468 1059 540 1078 miseriis,
552 1059 581 1075 sub
592 1059 652 1075 diurnis

84 1081 196 1103 nocturnisque
210 1081 298 1102 vigiliarum
311 1081 371 1100 officiis,
389 1081 435 1097 Beati
452 1080 537 1097 Cuthbeni
551 1080 652 1097 elementiam

83 1103 153 1125 querulis
164 1103 229 1119 vocibus
241 1103 298 1124 saepius
309 1103 409 1124 implorabat,
418 1103 506 1125 sensimque
517 1103 585 1124 gemitus
593 1103 652 1124 singul-

83 1129 128 1141 tuum
143 1125 237 1147 mixtimque
251 1125 327 1141 imbribus
338 1125 437 1141 lacrimarum
449 1131 477 1141 ura
487 1125 555 1146 rigabat.
586 1125 618 1143 Qui
630 1125 652 1146 pii

85 1147 184 1163 Confessoris
199 1147 254 1163 tumba
268 1147 325 1168 saepius
338 1147 420 1166 accedens,
436 1150 452 1163 et
468 1147 558 1168 digrediens
572 1147 652 1168 repulsam

355 1175 365 1185 c·
374 1170 384 1184 ‘2
