2924 4966
156 343 178 409 8
505 361 722 411 unctulum
752 360 948 423 nossem,

152 522 182 587 ei
199 521 419 601 ministerium,
440 523 528 610 quod
547 524 747 588 solummodo
767 523 894 588 veritati
913 523 954 588 sit
973 521 1152 587 obnoxium
1172 520 1315 608 indage-

152 633 244 673 mus:
267 610 470 699 studiumque
486 633 656 710 operosum
675 611 853 675 exercitare
873 610 1065 675 instituimus
1079 633 1087 685 ;
1108 609 1168 673 sed
1184 609 1313 674 devoto

152 696 319 760 ministerii
336 697 491 785 obsequio
506 698 669 782 ingeniose
693 698 738 762 illi
762 699 954 765 desudemus
979 744 986 760 .
1013 697 1057 761 Et
1076 696 1102 760 si
1120 695 1314 782 iusipientia

155 783 236 847 vires
248 784 413 848 ministerii
425 785 575 869 denegat,
590 784 699 848 devoti
712 797 821 849 temen
831 783 970 869 pectoris
984 782 1087 868 pietas
1102 783 1312 848 materialem

152 870 277 955 peritiae
292 872 500 935 substantiam
515 871 716 935 administrat
741 919 748 935 .
774 871 850 934 Non
866 883 974 935 tamen
988 893 1095 933 sumus
1110 871 1153 934 de
1168 893 1311 935 numero

152 956 328 1042 peritorum
350 959 403 1044 qui
426 957 654 1042 disciplinalem
677 958 893 1044 eloquentiam
915 957 1132 1021 doctrinarum
1158 956 1312 1022 multitu.

152 1044 226 1108 dine
242 1058 427 1129 comparant
441 1069 449 1120 3
465 1045 523 1109 sed
534 1044 640 1129 potius
650 1044 692 1108 de
704 1046 801 1129 vulgo
813 1044 1003 1109 insulsorum
1011 1044 1065 1130 qui
1078 1043 1233 1130 loquendi
1248 1067 1311 1108 au.

152 1131 276 1195 daciam
288 1131 470 1195 temeritate
486 1132 657 1195 verborum
672 1153 736 1195 non
751 1131 951 1217 perceptibili
967 1130 1172 1194 scientiarum
1184 1129 1309 1198 noticia

152 1218 212 1282 sibi
229 1232 380 1303 usurpant
405 1266 413 1282 .
440 1218 538 1284 Unde
561 1231 595 1281 et
617 1218 720 1302 gloria
741 1232 851 1283 nostra
872 1218 914 1281 de
936 1217 1084 1282 facundia
1104 1217 1212 1301 perita
1232 1240 1309 1283 esse

152 1327 218 1367 non
241 1305 371 1389 poterit,
396 1328 470 1368 cum
493 1305 607 1368 nullius
631 1304 806 1390 disciplinae
829 1304 964 1369 scientia
977 1304 1069 1369 nobis
1085 1303 1128 1368 ad
1149 1304 1309 1370 noticiam

152 1391 313 1478 quondam
328 1391 472 1476 attigerit
487 1392 545 1455 sed
558 1391 694 1456 intentio
706 1391 895 1456 ardentioris
911 1391 1043 1456 affectirs
1059 1390 1106 1455 ita
1115 1391 1308 1477 perstringit

152 1479 293 1542 animum
334 1479 399 1542 uod
418 1478 532 1543 caloris
547 1490 643 1542 oestus
662 1477 750 1541 nimii
766 1491 926 1543 exaestuat
944 1478 989 1562 pii
1004 1477 1160 1564 propositi
1175 1478 1310 1545 deside-

151 1565 234 1629 rium
262 1613 270 1629 .
297 1501 382 1629 iiiuc
401 1578 450 1629 est
469 1565 556 1652 quod
574 1565 715 1649 linguam
733 1565 859 1630 frenum
877 1565 994 1630 silentii
1013 1563 1191 1649 mitigando
1214 1565 1309 1631 cohi-

151 1654 228 1717 bere
253 1675 316 1716 non
340 1653 445 1716 valeat
468 1675 540 1716 cum
559 1651 695 1716 scintilla
712 1652 928 1716 flammivoma
945 1651 1021 1716 soris
1041 1664 1211 1717 eructuare
1235 1675 1310 1717 sus·

150 1740 235 1824 pirat
259 1787 267 1803 .
292 1740 419 1823 Lingua
433 1739 530 1823 igitur
546 1738 672 1803 effrenis
685 1739 812 1803 ducitur
823 1762 896 1804 cum
907 1738 1012 1802 cordis
1027 1737 1164 1803 intentio
1179 1739 1309 1805 ardoris

152 1825 269 1890 interni
299 1826 460 1890 desiderio
490 1827 705 1910 conflagratur
736 1874 744 1889 .
779 1825 895 1912 Sicque
922 1824 1072 1889 desiderii
1101 1826 1309 1911 propositum

151 1937 194 1976 cx
221 1913 348 1997 pietatis
374 1913 635 1996 magnanimitate
661 1913 786 1977 acuitur
808 1913 863 1976 ubi
893 1912 1099 1998 pusillanimis
1126 1912 1309 1999 disciplinas

151 1999 311 2085 imperitia
324 1999 483 2084 reperitur
508 2046 515 2062 .
543 2000 642 2073 Quod
656 1999 747 2064 nobis
766 1999 946 2084 specialiter
965 1998 1135 2083 contigisse
1150 2001 1310 2085 cognovi·

151 2110 232 2163 mus,
246 2087 300 2186 qui
316 2086 432 2149 nullius
444 2086 520 2151 artis
534 2086 733 2172 disciplinam
748 2087 799 2150 vel
811 2086 959 2170 peritiam
975 2086 1060 2150 circa
1074 2108 1132 2150 nos
1146 2085 1308 2152 hactenus

151 2173 324 2237 effloruisse
344 2173 512 2237 didicimus
537 2220 544 2236 .
571 2173 656 2236 Nam
683 2173 827 2257 profiteri
853 2195 917 2236 non
937 2195 1103 2257 possumus
1126 2174 1309 2259 quamlibet

149 2259 226 2323 artis
241 2259 400 2345 peritiam,
417 2282 490 2323 cum
505 2259 602 2324 etiam
618 2259 731 2323 nullius
747 2259 885 2344 ipsarum
900 2259 1188 2343 investigationis...

154 2522 254 2587 CAP.
276 2524 500 2606 IV.-Incipit
528 2524 633 2587 Serum
658 2526 695 2586 de
722 2524 903 2587 Sanctorum
930 2523 963 2586 T
958 2524 1212 2587 mammarum
1236 2525 1307 2588 dis-

508 2614 600 2673 cretis
612 2611 774 2692 generibus
775 2654 951 2673 ......

215 2780 320 2854 Quam
342 2781 460 2846 dilecta
475 2794 508 2846 et
528 2782 654 2845 diversa
672 2782 736 2844 sint
757 2781 979 2846 Tabemacula
995 2778 1127 2843 Domini
1146 2778 1305 2845 virtutum

152 2889 196 2929 ex
215 2867 363 2949 operibus
387 2869 577 2932 Sanctorum
596 2868 788 2933 admirandis
807 2867 1009 2942 ostenditur3
1032 2889 1169 2952 quorum
1194 2867 1301 2951 gloria

154 2975 174 3016 a
194 2952 291 3030 caelis,
319 2953 383 3018 Dei
408 2955 543 3038 gloriam
566 2955 796 3032 enarrantibus,
824 2955 1038 3040 praedicatur3
1062 2966 1096 3018 et
1122 2976 1221 3038 opera
1245 2977 1305 3019 eo·

155 3062 225 3102 rum
248 3063 268 3104 a
289 3041 491 3105 firmamento
514 3042 665 3105 caelorum
683 3042 901 3105 annuntiando
917 3039 1080 3124 detegitur
1103 3084 1113 3104 .
1138 3040 1306 3106 Taberna·

154 3126 227 3190 cula
248 3127 419 3191 Dominica
440 3141 622 3192 sanctorum
643 3142 811 3213 pectorum
834 3141 906 3191 sunt
929 3138 1052 3190 sacrata
1073 3127 1244 3206 domicilia,
1270 3129 1304 3193 in

154 3213 268 3299 quibus
291 3214 478 3278 manufactis
501 3216 722 3293 tabernaculis,
742 3215 843 3292 Deus,
861 3213 950 3300 quasi
969 3214 1027 3277 sub
1043 3213 1199 3278 velamine
1214 3215 1304 3280 velo-

153 3322 224 3362 rum
240 3300 407 3378 inhabitat,
425 3301 502 3365 dum
520 3303 578 3364 sub
597 3302 764 3387 multiplici
780 3303 933 3365 virtutum
949 3299 1104 3365 varietate
1124 3300 1304 3366 inhabitan-

154 3388 197 3451 do
224 3388 364 3452 delectat
397 3435 406 3450 .
442 3388 590 3461 Quatuor
612 3389 697 3453 enim
724 3411 792 3452 esse
814 3387 1018 3452 tabernacula
1037 3387 1070 3449 in
1090 3389 1179 3450 sacra
1203 3387 1304 3473 scrip-

153 3476 225 3538 tura
236 3475 430 3550 invenimus3
446 3475 687 3539 tabernaculum
696 3475 885 3553 solitudinis,
900 3475 954 3540 ubi
967 3486 1016 3538 est
1028 3473 1159 3539 afflictio
1172 3474 1302 3560 spiritfis

154 3576 188 3625 et
217 3561 332 3626 animae
362 3575 396 3624 et
418 3561 541 3638 carnis3
565 3563 705 3647 spiritis,
728 3585 785 3647 per
809 3561 1029 3626 vehementius
1053 3560 1187 3624 fervoris
1217 3561 1304 3625 desi-

153 3648 303 3725 derium3
338 3649 464 3726 animae,
490 3672 548 3734 per
577 3650 738 3734 flagicium
768 3649 989 3713 delectationis
1019 3660 1053 3711 et
1088 3647 1301 3732 suggestionis
1395 3712 1400 3717 .

153 3735 293 3800 nutantis
309 3758 486 3811 assensum3
502 3736 614 3813 carnis,
628 3760 685 3822 per
700 3736 821 3801 ardoris
833 3750 867 3802 et
882 3734 1032 3800 incentivi
1048 3734 1161 3798 caloris
1172 3735 1304 3799 instinc·

155 3834 224 3884 tum
249 3869 256 3885 .
283 3822 364 3885 Haec
381 3821 442 3885 tria
457 3823 586 3886 inferius
610 3837 751 3887 mentem
774 3822 984 3908 deprimendo
1006 3820 1152 3899 illiciunt,
1170 3821 1245 3908 quia
1267 3820 1301 3884 iu

154 3908 325 3971 solitudine
341 3909 399 3972 sub
419 3910 629 3993 temptatione
644 3911 788 3974 viventes
803 3908 990 3974 desudando
1006 3907 1159 3973 deficiunt
1184 3956 1192 3972 .
1218 3908 1301 3973 Haec

156 3995 361 4058 tabernacula
375 3995 533 4059 admirans
552 3997 694 4074 Balaam,
709 3997 847 4080 dirigens
864 3997 972 4060 oculos
988 4008 1100 4059 contra
1111 3996 1274 4059 desertum
1291 4043 1300 4060 .

158 4091 180 4120 ‘⁶
193 4080 299 4154 Quam
309 4081 818 4168 Pulcra,”inquid,“tabernacula
827 4097 883 4146 tua
891 4083 1006 4148 Iacob''
1018 4129 1027 4144 .
1041 4082 1298 4159 Balaam,etiam,

155 4189 254 4230 vanus
265 4166 400 4251 po'pulus
411 4167 638 4253 interpretatur
662 4219 670 4234 .
698 4170 762 4243 Qui
778 4170 862 4233 enim
874 4168 971 4233 corde
984 4182 1018 4231 et
1029 4190 1127 4251 opere
1137 4192 1219 4233 vana
1233 4191 1302 4232 sec·

155 4267 264 4317 tantur
278 4252 490 4317 caelicolarum
505 4256 679 4340 spiritualia
694 4256 912 4319 aemulantium
935 4254 1084 4317 desiderii
1106 4255 1252 4319 instituta
1266 4267 1300 4319 et

155 4340 309 4424 propositi
348 4339 447 4404 ardua
484 4341 632 4404 admirari
665 4355 824 4425 satagunt,
856 4343 912 4405 sed
943 4340 1058 4403 imitari
1096 4341 1259 4425 refugiunt
1292 4389 1300 4405 .
