2924 4966
152 342 222 421 196
504 362 719 411 aversator
748 361 931 410 nomem

151 526 379 613 redemptionis·
403 527 570 612 pccrmiam
596 526 754 611 capiendo
774 525 969 676 adquireret,
991 525 1168 590 dubitavit.
1212 525 1285 590 Con·
1342 600 1346 611 Ι

152 615 342 681 stabularius
369 615 519 701 denique,
545 638 604 700 pro
632 614 740 678 Sancti
768 615 833 678 Cut
845 613 939 677 iberti
961 636 1088 691 amore,
1117 637 1177 700 pro
1196 610 1286 678 miseri

153 702 319 790 ereptione
335 727 370 766 su
396 702 545 789 plicavit3
568 715 602 767 et
620 702 709 791 quod
724 700 754 766 ci
777 702 936 766 acciderat
958 700 1131 766 evidenter
1153 701 1287 776 ostendit,

155 816 253 879 seque
277 814 334 876 pro
350 726 405 854 illi>
419 790 568 855 addicere
591 789 767 875 captivitati
783 789 895 854 voluit.
942 789 1009 853 Sed
1031 812 1094 853 nec
1116 788 1291 876 sicquidem

157 880 328 964 impetrare
344 878 521 964 praevoluit.
569 880 654 943 Cum
676 900 755 962 ergo
769 892 910 962 aegrotus
932 889 1027 941 nocte
1052 877 1207 941 infirmari
1227 874 1292 940 inci·

156 981 259 1052 peret,
276 981 310 1030 ct
332 966 427 1031 miser
450 966 502 1032 ille
525 966 663 1030 Beatum
680 965 896 1031 Cuthbertum
917 964 1118 1043 inclamaret,
1135 964 1248 1050 saepius
1267 976 1293 1027 et

156 1054 353 1141 frequentius
369 1077 433 1118 vox
452 1053 610 1138 peregrini
627 1053 729 1116 nuntii
746 1076 822 1117 eum
836 1053 1045 1131 commonuit,
1061 1076 1193 1118 servum
1213 1049 1296 1116 Beati

160 1142 331 1207 Cuthberti
352 1142 531 1218 exsolvere,
553 1155 587 1206 et
607 1163 681 1205 eum
700 1141 741 1205 de
760 1140 947 1226 captivitate
964 1140 1141 1205 liberatum
1161 1140 1296 1226 eripere:

162 1229 242 1293 Hauc
258 1229 423 1316 inquiens3
441 1240 463 1270 “
480 1230 544 1293 Pro
559 1241 692 1315 peccato
708 1229 741 1293 in
756 1229 908 1293 Sanctum
926 1228 1148 1293 Cuthbertum
1162 1227 1300 1293 commis-

159 1340 229 1381 sum
244 1317 373 1403 pateris,
389 1341 448 1382 nec
464 1317 599 1381 salutem
613 1317 733 1381 habere
748 1316 868 1401 poteris
882 1316 941 1380 nisi
962 1315 993 1381 ei
1014 1316 1204 1382 libertatem
1217 1339 1237 1380 a
1250 1316 1302 1379 do·

160 1405 247 1469 mino
272 1422 328 1469 tuo
355 1404 603 1491 impetraveris.”
663 1404 821 1479 Quotiens
846 1404 933 1468 enim
958 1403 1056 1469 miser
1082 1404 1138 1468 ille
1172 1405 1303 1469 Beatum

164 1493 379 1558 Cuthbertum
394 1493 596 1570 inclamabat,
613 1493 731 1557 totiens
746 1492 831 1556 circa
841 1492 947 1556 cordis
961 1492 1010 1555 sui
1024 1492 1207 1577 penetralia
1219 1490 1304 1580 quasi

159 1582 261 1646 multa
276 1580 362 1646 milia
376 1581 576 1644 stimulorum
590 1595 701 1665 pectus
713 1577 833 1644 minute
847 1579 1022 1666 pungendo
1036 1579 1226 1645 trarrfodere
1239 1602 1304 1645 sen-

160 1668 272 1746 tiebat,
289 1692 348 1733 uec
364 1669 469 1755 aliquit
484 1682 574 1753 parte
590 1668 749 1734 divertere
764 1668 880 1754 potuit,
897 1669 960 1755 qud
974 1690 1039 1731 nou
1050 1667 1193 1733 eandem
1205 1690 1304 1754 poenae

163 1757 335 1821 vindictam
351 1756 519 1821 sentiendo
535 1757 698 1841 persolvit.
723 1755 830 1820 Nocte
845 1755 942 1841 igitur
956 1755 1108 1842 quddam,
1121 1756 1201 1820 dum
1216 1757 1305 1819 miser

161 1844 214 1908 illc
243 1845 377 1909 Beatum
398 1844 613 1910 Cuthbertum
637 1844 805 1929 implorare
827 1866 893 1908 non
915 1842 1020 1920 desiit,
1036 1866 1134 1909 eccce
1157 1842 1305 1909 subitdei

154 1932 284 2017 juvenis
308 1932 522 2019 pulcherrimo
545 1933 683 1997 candore
707 1932 880 1997 choruscus
903 1931 1013 2008 astitit,
1030 1945 1065 1996 et
1092 1954 1171 1996 eum
1195 1932 1305 1997 talibus

162 2022 293 2085 allatum
309 2021 465 2121 alloquiis,
483 2020 595 2085 leniori
610 2020 828 2085 blandimento
842 2021 988 2084 refovere
1003 2018 1132 2084 institit.
1182 2031 1205 2061 “
1219 2020 1304 2105 Eja,”

163 2107 283 2194 inquid,
304 2120 326 2149 ‘⁶
343 2109 509 2174 ll'rlliclmc
529 2109 677 2192 Sergant,
689 2108 757 2193 jam
768 2131 852 2173 nunc
864 2130 947 2171 uxor
961 2121 1060 2170 tuaet
1075 2108 1135 2171 filii
1149 2122 1185 2173 et
1201 2130 1306 2173 omnes
1330 2121 1333 2125 '

162 2195 329 2260 domestici
344 2211 377 2261 et
393 2196 484 2261 amici
502 2196 559 2260 tibi
574 2195 727 2260 deficiunt
741 2220 749 2271 ;
773 2219 831 2260 nec
854 2195 952 2283 aliqui
966 2217 1078 2259 eorum
1100 2219 1162 2281 pro
1178 2210 1212 2261 te
1226 2214 1306 2261 nunc

162 2283 365 2368 fidejussores
381 2308 450 2351 esse
465 2297 607 2370 possunt,
625 2285 677 2348 vel
699 2283 795 2369 plegii
813 2285 944 2369 protuli
964 2282 1155 2349 liberatione
1171 2284 1306 2349 existere

164 2371 284 2435 volunt.
334 2374 399 2438 sed
418 2373 628 2450 Cuthbertus,
646 2395 740 2459 quem
756 2370 871 2457 saepids
893 2370 1059 2448 invocasti,
1077 2385 1113 2436 et
1135 2372 1189 2437 cui
1210 2394 1307 2460 quon-

162 2457 235 2522 dam
259 2459 290 2522 iu
314 2461 464 2544 operibus
480 2459 623 2524 ccclesiae
646 2483 712 2523 suoe
732 2459 892 2524 servitutis
908 2458 1098 2547 obsequium
1112 2459 1305 2546 impendisti,

163 2569 245 2610 nunc
263 2546 318 2611 tibi
339 2548 477 2613 deficere
494 2547 606 2625 noluit,
623 2548 680 2613 sed
702 2547 869 2633 fidejussor
892 2546 939 2611 tui
954 2559 987 2611 et
1008 2547 1135 2632 plegius
1150 2549 1194 2612 ad
1208 2548 1307 2614 eccle·

163 2633 252 2713 siam,
270 2659 343 2722 quae
358 2636 434 2699 foris
450 2650 510 2714 est,
527 2658 586 2720 pro
602 2649 634 2700 te
649 2636 818 2720 dignanter
832 2634 973 2700 advenit.
1021 2635 1064 2699 Et
1079 2635 1159 2700 mihi
1173 2637 1306 2714 credito,

163 2722 238 2809 quia
253 2724 388 2787 uccdum
405 2736 590 2809 emergente
609 2747 733 2788 aurorae
752 2723 903 2801 diluculo,
920 2723 962 2787 de
981 2723 1140 2807 compede
1155 2724 1220 2789 isto
1233 2724 1309 2789 libe-

164 2811 295 2890 raberis,
310 2825 342 2876 ct
355 2813 476 2876 solutus
489 2811 637 2876 libertate
654 2811 830 2876 voluntaria
844 2811 987 2897 potieris.
1034 2811 1117 2874 Hoec
1131 2812 1191 2877 tibi
1211 2812 1309 2878 Cuth-

163 2900 273 2964 bertus
296 2924 377 2964 meru
401 2899 568 2985 legationis
591 2900 721 2964 mandat
744 2899 909 2987 obsequio,
925 2922 985 2964 nec
1008 2921 1151 2986 unquam
1173 2900 1308 2965 candido

158 2988 282 3073 juveni,
300 2989 353 3076 qui
370 2989 440 3052 lrucc
457 2988 513 3052 tibi
534 3009 577 3051 ex
603 2987 696 3051 Beati
715 2987 887 3052 Cuthberti
908 3001 999 3073 parte
1015 2987 1197 3067 denuntiat,
1214 2989 1310 3054 fidem

164 3075 295 3141 ulteribs
311 3075 475 3154 adhibeto,
492 3076 550 3138 nisi
565 3075 635 3138 haec
651 3098 727 3140 vera
741 3076 836 3141 fuisse
852 3077 917 3139 cito
939 3076 1198 3160 comprobaveris
1214 3100 1310 3163 expe·

164 3164 331 3229 rimcuto.''
393 3164 457 3238 Qui
483 3165 553 3228 haec
580 3175 613 3227 et
637 3163 700 3227 alia
721 3163 896 3227 consimilia
919 3162 948 3228 ei
974 3161 1092 3240 intulit,
1110 3177 1145 3228 et
1172 3164 1310 3229 Beatum

167 3252 382 3318 Cuthbertum
409 3276 467 3337 pro
491 3276 531 3316 eo
557 3251 598 3315 ad
625 3251 802 3330 ecclesiam,
830 3251 1067 3337 fidejussionem
1090 3264 1124 3315 et
1151 3252 1310 3317 commissi

164 3340 367 3424 sponsionem
382 3341 543 3417 daturum,
560 3339 725 3403 advenisse
740 3339 885 3404 asseruit.
926 3338 980 3417 Et,
994 3338 1042 3402 his
1057 3338 1163 3419 dictis,
1176 3339 1309 3405 ulterids

164 3449 228 3490 non
255 3428 443 3514 comparuit,
471 3428 547 3515 quia
572 3427 712 3490 fortassis
736 3427 849 3515 aliquis
876 3428 1006 3511 angelus
1030 3426 1309 3493 administratoria

164 3514 289 3579 virtutis
316 3515 450 3593 exstitit,
468 3515 522 3603 qui
547 3516 589 3579 ob
618 3514 710 3579 Beati
737 3515 908 3579 Cuthberti
933 3515 1087 3579 honorem
1102 3514 1173 3579 haec
1189 3516 1310 3582 denun-

164 3604 304 3668 ciaturus
328 3603 467 3668 advenit.
516 3603 596 3667 Haec
624 3602 731 3667 omnio
757 3602 978 3667 consodalibus
1005 3601 1069 3665 suis
1092 3603 1216 3681 retulit,
1259 3604 1310 3668 uia

166 3690 268 3754 nullus
285 3714 406 3769 eorum,
424 3691 482 3755 nisi
503 3690 570 3776 ipse
586 3691 680 3768 solim,
699 3692 788 3754 illum
808 3690 922 3755 vidisse
938 3690 1138 3755 commeruit.
1260 3713 1308 3756 em

165 3777 262 3843 etiam
286 3780 388 3843 noctis
412 3779 501 3856 bord,
519 3778 653 3863 contigit
679 3778 881 3844 Radbertum
907 3778 1020 3856 Eivile,
1038 3777 1176 3863 negotiis
1192 3779 1258 3844 suis
1278 3778 1309 3843 in

165 3865 226 3931 alit
244 3865 375 3951 regione
391 3866 567 3952 completis,
585 3867 717 3931 domum
731 3867 933 3943 redeuntem,
950 3889 1008 3952 per
1026 3865 1206 3951 hospicium
1224 3868 1309 3933 Con-

166 3954 327 4019 stabularii
354 3954 520 4018 transitum
544 3977 652 4039 agere,
669 3967 703 4018 et
729 3955 770 4019 de
794 3955 864 4039 ejus
888 3955 990 4019 salute
1005 3977 1025 4018 a
1039 3953 1193 4019 militibus
1209 3977 1310 4043 quaes-

166 4055 258 4105 tuoso
274 4041 392 4127 ejulutfi
410 4043 606 4144 perquirere.
636 4041 697 4107 Cui
713 4065 786 4107 cum
805 4042 973 4107 Walterius
992 4040 1105 4119 Eivile,
1124 4064 1197 4107 cum
1214 4057 1311 4109 attes-

167 4130 287 4194 tatione
303 4145 490 4195 sacrament1
505 4131 699 4216 protulisset,
716 4131 803 4216 quod
822 4153 982 4217 nunqnam
1001 4130 1131 4194 omnino
1147 4132 1311 4197 convales-

167 4238 239 4280 cere
254 4219 421 4302 potuisset,
438 4218 496 4282 nisi
515 4219 636 4283 Beatus
655 4218 851 4284 Cuthbertus
867 4217 953 4303 prids
968 4217 1076 4303 stipite
1091 4219 1311 4371 compeditum

167 4325 239 4365 cum
254 4305 340 4368 omni
355 4305 503 4371 libertate
518 4305 687 4391 reciperet,
704 4329 800 4393 quam
819 4305 912 4370 citiirs
931 4304 1084 4391 praecepit
1106 4304 1154 4368 W
1182 4306 1312 4373 'elmum

163 4390 296 4474 .Serjant
319 4393 457 4457 solutum
479 4393 620 4477 Rogcrio
638 4394 755 4458 Paveie
772 4395 1029 4460 commandatum
1043 4392 1180 4472 restitui,
1198 4410 1233 4461 et
1252 4418 1311 4483 pro
