2924 4966
150 346 221 419 191
497 358 713 409 irrorantur
746 354 930 407 srouacm

149 540 182 590 et
207 521 398 609 pauperibus
422 520 558 585 modicae
578 520 741 587 facultatis
756 519 977 599 admittenda,
1001 544 1063 607 pro
1083 522 1249 587 occasione
1263 535 1292 586 et

151 612 356 677 detrimento.
407 610 504 674 l'nde
527 610 708 695 contigerat
724 608 818 709 quod
842 610 991 674 universa
1010 610 1192 695 Auglorum
1215 611 1294 675 natio

152 702 217 765 lata
232 698 487 784 depraedantium
501 711 606 781 strage
619 712 690 763 et«
665 697 764 783 rapina
756 722 775 761 ι
758 697 979 783 (·1εῐιιι1ιιιιι.
1027 697 1159 784 Nempe
1171 699 1295 764 alternae

153 787 299 873 regiones
315 786 426 849 dolosa
440 785 553 850 fraude
545 801 601 849 ct
616 785 722 849 invida
737 786 967 851 subdolositate
982 786 1166 851 adinvicem
1182 785 1299 887 conspi-
1355 798 1357 809 '

154 888 314 951 raveraut,
335 886 368 937 et
388 888 560 937 uurtuas
535 874 718 959 rapinarum
740 873 866 959 proedas
889 872 1051 939 alterutris
1071 875 1115 939 de
1138 875 1298 939 nationum

155 963 271 1027 linibus
294 962 526 1046 producebant.
574 962 700 1027 Accidit
723 985 802 1047 ergo
820 962 908 1048 quod
934 961 1095 1047 Rogerius
1122 962 1278 1040 Faucia,
1270 985 1300 1024 ιιι

156 1050 289 1117 castello
305 1050 345 1113 de
363 1049 486 1113 ''lhresc
504 1063 578 1113 tunc
598 1050 750 1135 temporis
772 1049 1018 1135 praepositorum
1037 1049 1300 1126 constabularius,

157 1138 242 1201 circa
259 1137 378 1201 Tesam
390 1138 509 1201 flumen
525 1138 649 1222 praedas
661 1152 788 1223 ageret:
805 1152 838 1201 et
848 1137 880 1201 in
895 1136 1039 1223 partibus
1053 1137 1302 1203 Haliweresfolc¹

158 1227 283 1311 rapinas
306 1237 474 1310 erepturus
497 1225 675 1290 adveniret.
723 1224 788 1299 Qui
808 1225 849 1289 de
866 1225 976 1289 vicinis
992 1225 1109 1289 villulis
1133 1226 1305 1291 innumerae

158 1312 369 1377 multitudinis
385 1314 510 1397 praedas
525 1314 711 1398 collegerat,
729 1327 762 1377 et
777 1313 883 1378 adhuc
902 1313 1057 1413 inpluviei
1072 1327 1107 1377 et
1123 1312 1304 1400 rapacitatis

160 1401 297 1466 esuriem
309 1402 471 1465 exsaciare
485 1424 548 1463 non
563 1414 702 1486 poterat.
749 1400 900 1466 Necdum
913 1424 943 1467 er
935 1400 1144 1501 suffeceram
1160 1418 1195 1467 et
1207 1401 1306 1467 adhuc

162 1489 257 1553 uelud
272 1489 325 1553 leo
339 1488 468 1573 rugiens
484 1490 681 1553 circumibat.
729 1488 891 1574 Pauperes
906 1512 996 1575 ergo,
1014 1489 1070 1588 qui
1085 1488 1120 1553 iu
1134 1490 1221 1575 agris
1236 1512 1306 1553 oves

161 1591 195 1641 et
219 1590 364 1641 armenta
386 1577 576 1654 habuerant,
602 1577 747 1642 sidentes
777 1600 835 1661 per
860 1600 937 1642 rura
960 1576 1079 1641 milites
1109 1577 1305 1679 musitantes,

163 1689 259 1765 quarn
272 1664 364 1729 citius
377 1687 417 1728 οι
420 1664 507 1727 ι1ιιιιιι
524 1687 641 1749 pecora
652 1681 686 1730 et
697 1688 824 1751 pascuae
839 1664 985 1749 pecualia
995 1665 1038 1728 ad
1057 1665 1230 1752 Cymiterii
1241 1687 1310 1751 gre-

163 1753 263 1817 mium
273 1776 450 1817 conuocare
462 1751 662 1816 l'estinautiiis
674 1754 900 1838 properabant.
942 1754 992 1839 Cy
995 1753 1169 1818 meterium
1180 1752 1307 1829 etenim,

165 1856 241 1905 tunc
265 1840 428 1925 temporis,
454 1864 512 1925 pro
536 1841 622 1926 pacis
646 1840 846 1927 protectione
870 1840 1106 1906 confluentibus
1130 1842 1307 1917 exstiterat,

189 1952 241 1993 ura
253 1927 383 2013 singulis
396 1928 522 2013 retugio
534 1943 566 1992 et
581 1951 641 2013 pro
653 1929 819 2015 apothecae
834 1929 976 1993 subsidio
987 1928 1139 1993 omnibus
1150 1930 1310 1995 affluebat.

165 1929 378 2116 Equorum
400 2039 534 2081 numero
557 2017 686 2103 quidam
705 2016 902 2094 Willielmus,
923 2018 1061 2101 Sergant
1084 2016 1309 2103 cognomento,

168 2104 303 2181 exstitit,
321 2126 463 2190 quicum
483 2105 586 2168 bobus
605 2105 670 2168 xl'a
688 2103 930 2204 [quadraginta]
915 2103 982 2192 ]et
997 2118 1130 2169 centum
1144 2105 1259 2170 ovibus
1273 2103 1312 2167 de

168 2192 251 2277 agris
264 2192 305 2256 ad
317 2191 528 2277 cymiterium,
546 2193 634 2280 quod
649 2206 697 2257 est
713 2215 745 2255 m
764 2193 1023 2276 Sedberuie„u
981 2215 1077 2343 ‹pltam
1090 2193 1185 2258 citius
1197 2191 1311 2280 potuit,

169 2279 363 2379 properavit.
413 2280 484 2363 lpse
509 2295 626 2358 tamen,
644 2281 683 2344 ea
705 2293 907 2381 tempestate,
929 2280 962 2343 in
1021 2282 1162 2345 ertbune
1184 2282 1314 2347 domum

170 2367 341 2432 mansionis
356 2367 528 2441 habuerat3
544 2368 601 2433 sed
616 2369 658 2432 ad
673 2368 874 2455 cymiterium
885 2367 1013 2456 quod
984 2367 1118 2433 vicinius
1134 2369 1312 2445 exstiterat,

170 2455 377 2541 protectionis
401 2456 502 2539 gratia
527 2479 600 2522 cum
626 2456 690 2520 suis
716 2456 883 2541 pecoribus
908 2456 1083 2563 confugere
1114 2457 1314 2543 disponebat.

176 2543 240 2618 Qui
256 2566 339 2630 equo
351 2543 498 2605 tardioris
514 2543 622 2628 effugii
638 2544 824 2629 praesidens,
841 2557 875 2608 et
890 2543 1006 2652 saepiirs
1022 2544 1201 2610 calcaribus
1216 2545 1315 2609 latera

172 2630 320 2709 tundens,
338 2631 396 2694 sed
408 2629 509 2693 miuus
533 2632 712 2717 proficiens,
729 2655 824 2733 quam
840 2631 932 2696 citiirs
951 2654 1023 2696 cum
1046 2633 1158 2717 praedh
1179 2631 1316 2719 proprioe

172 2718 381 2820 substantiis
374 2742 406 2781 ιιι
421 2741 532 2783 manus
556 2720 716 2805 praedonis
731 2719 842 2784 incidit
857 2735 890 2784 et
905 2719 1036 2807 rapinae.
1085 2719 1214 2806 Nempe
1237 2742 1317 2820 prae·

173 2807 246 2871 da
239 2806 346 2893 ipsius,
368 2807 492 2871 caeteris
515 2808 706 2893 rapientium
729 2808 824 2872 lucris
845 2819 1030 2893 aggregata,
1050 2830 1116 2872 non
1139 2821 1267 2873 tantum
1288 2806 1317 2871 ei

173 2895 281 2961 ablata
292 2918 356 2959 non
371 2894 527 2972 redditur,
539 2895 616 2983 quin
631 2895 729 2960 immo
745 2911 778 2960 et
793 2896 871 2983 ipse,
885 2920 920 2960 se
935 2896 1038 2996 ipsum
1050 2895 1156 2982 pretio
1171 2896 1319 2981 redemp-

174 2999 275 3061 turuS,
292 2983 378 3069 apud
396 2984 495 3047 Tresc
511 2984 569 3046 sub
585 2984 692 3069 ligneo
702 2984 809 3070 stipite
819 2983 992 3051 cmnsociis
1007 2983 1108 3068 pedes
1119 2984 1318 3085 astringitur.

179 3072 243 3146 Qui
259 3094 333 3136 cum
348 3070 517 3135 comitibus
533 3071 607 3149 suis,
624 3072 712 3155 ligno
727 3071 861 3158 pedibus
877 3071 995 3149 infixis,
1013 3070 1188 3137 districtiris
1202 3070 1321 3137 retine-

176 3175 239 3237 tur,
257 3172 290 3223 et
313 3158 489 3223 sollicitiori
512 3159 557 3223 eis
580 3160 725 3223 custodia
747 3160 900 3237 adhibita,
920 3159 1022 3224 minus
1041 3159 1189 3224 ciborum
1208 3181 1321 3225 eorum

177 3247 292 3311 inediae
305 3259 338 3312 et
353 3246 549 3332 paupertatis
562 3247 699 3312 miseriae
714 3247 909 3333 indulgetur.
956 3246 1069 3311 Miseri
1083 3246 1249 3312 interdum
1263 3246 1320 3325 illi,

177 3358 236 3420 pro
251 3333 424 3420 ereptionis
440 3357 506 3397 suae
521 3335 761 3444 redemptione,
770 3336 975 3436 pluraquam
986 3336 1156 3400 exsolvere
1169 3346 1322 3437 poterant
1350 3356 1353 3361 ·

178 3423 375 3498 offerebant3
392 3423 450 3487 sed
462 3435 599 3487 tortores
612 3422 783 3524 inquietius
795 3423 962 3487 saevientes
978 3445 1104 3507 semper
1114 3424 1178 3508 maj
1181 3446 1240 3488 ora
1253 3422 1324 3523 plu·

177 3511 264 3575 ribus
280 3511 488 3595 expetebant.
537 3508 659 3574 Eorum
674 3511 793 3576 etenim
800 3511 926 3612 'cupido
942 3509 1097 3575 exsaniari
1116 3532 1182 3575 non
1204 3510 1321 3611 potuit,

178 3621 237 3662 nec
253 3597 353 3662 libido
368 3621 479 3698 eorum
495 3598 640 3662 avariciae
652 3599 806 3663 modum
798 3598 1036 3663 incontinentiae
1052 3610 1164 3663 tenere
1180 3596 1324 3663 nescivit.

184 3686 310 3751 Cotidie
327 3709 438 3751 eorum
452 3685 569 3771 inopiae
585 3687 837 3772 proiidebantur
855 3688 966 3772 pejora
985 3685 1155 3771 prioribus,
1172 3686 1325 3751 erminus

180 3773 393 3838 adhibebatur
408 3773 512 3837 solatii
527 3776 580 3838 vel
594 3775 727 3839 subsidii
751 3775 899 3875 humanae
923 3788 1045 3839 naturae
1069 3773 1326 3840 necessitatibus.

184 3861 243 3925 Vir
258 3862 396 3948 denique
412 3862 477 3939 ille,
498 3861 684 3928 Willielmus
699 3862 838 3941 nomine,
856 3863 913 3928 sed
932 3863 1069 3947 Serp'ant,
1082 3861 1172 3948 quod
1186 3861 1329 3927 servien-

181 3961 248 4013 tem
263 3963 365 4028 sonat,
383 3949 485 4013 dictus
498 3950 678 4034 agnomine,
692 3964 729 4015 ut
741 3950 820 4015 vidit
808 3950 923 4038 tquod
938 3950 983 4013 nil
997 3974 1028 4014 er
1018 3949 1196 4034 prodesse
1208 3949 1327 4036 potuit,

181 4037 223 4101 ad
243 4037 336 4101 Beati
358 4040 422 4103 Cut
423 4037 528 4101 hberti
544 4037 722 4122 patrocinia
736 4053 835 4124 expet
823 4039 921 4103 tenda
913 4036 1090 4145 ‘confugia
1139 4036 1246 4123 Ipsius
1260 4037 1331 4127 qui·

182 4125 256 4189 dem
271 4128 457 4190 memoriam
479 4125 561 4189 bene
583 4139 727 4205 noverat,
745 4149 818 4191 nam
841 4125 966 4191 diutino
988 4147 1075 4212 prius
1091 4138 1252 4211 tempore,
1272 4146 1355 4220 per

184 4299 652 4420 iudiciiswordifflaliwemmein
662 4303 708 4355 the
716 4303 787 4368 MS,
795 4300 1334 4368 butthereisevidentlyamistakeiutbe

296 4384 333 4420 er.

295 4440 307 4475 ²
320 4436 406 4488 Hodie
418 4440 546 4502 Sedoarac,
559 4437 612 4490 still
623 4439 743 4492 however
754 4438 917 4509 pronounced
929 4439 1046 4499 Sellium,
1058 4453 1087 4489 οι·
1098 4438 1221 4502 Sudhaus.
