2924 4966
471 376 651 427 nunnuu.
674 372 876 439 LIBELLUS,
896 376 982 427 arc.
1252 355 1301 430 63

153 532 353 616 etiamvivit:
367 537 556 604 etAEilricus
588 537 674 602 uoad
686 537 766 601 vixit
797 560 871 602 uam
882 537 989 602 multis
999 538 1148 603 fratribus
1158 541 1301 606 ecclesiae

142 652 304 694 renarrare
320 562 707 703 consuetudinisqhabuit,
724 638 758 689 et
775 561 845 688 boc
861 625 959 689 etiam
985 627 1073 712 quod
1098 629 1302 715 subsequitur

153 717 342 781 miraculum
357 713 516 798 adjunxit.

156 980 255 1042 CAP.
273 977 344 1039 XX
346 974 644 1052 VIM-Quomodo
653 974 718 1053 fur
731 975 857 1054 quidam
872 975 910 1037 de
923 995 1048 1038 numero
1065 976 1240 1041 Nautarum
1256 982 1303 1042 la·

238 1067 344 1144 pidem
359 1066 530 1124 aratorium
545 1065 578 1122 in
594 1061 703 1123 Iusuld
718 1060 982 1139 Farnedfuratas
995 1062 1107 1139 fuerit,
1123 1076 1153 1126 et
1173 1068 1304 1128 navibus

243 1154 319 1212 aliis
333 1148 484 1229 prospere*
495 1149 708 1221 recedentibus,
724 1166 831 1209 navem
847 1148 932 1210 illam
944 1151 978 1210 in
992 1149 1124 1230 qudfur
1137 1159 1206 1213 erat
1218 1173 1304 1216 mure

242 1239 328 1299 abire
343 1255 403 1298 aon
418 1237 604 1315 permiserit.

203 1407 325 1472 Notam
340 1406 416 1471 fecit
434 1405 592 1471 Dominus
609 1405 640 1467 in
660 1404 784 1489 populis
803 1404 897 1468 Beati
916 1405 1088 1470 Cuthberti
1103 1406 1255 1472 virtutem
1270 1424 1304 1474 et

158 1496 346 1580 potentiam,
378 1492 555 1579 peregrinis
589 1505 622 1555 et
649 1492 791 1569 remotis,
819 1491 981 1577 peditibus
1008 1506 1042 1556 et
1071 1494 1176 1557 nautis
1207 1495 1304 1580 ipsius

158 1582 268 1646 auxilii
291 1577 473 1666 praestando
496 1579 654 1643 beneficia
668 1590 702 1642 et
717 1579 931 1642 clementiam.
979 1578 1065 1642 Nam
1088 1580 1183 1644 Beati
1202 1583 1301 1646 Cuth-

157 1670 242 1732 berti
257 1667 505 1732 misericordiam
521 1665 694 1730 terrestria.
706 1665 853 1750 repentia
867 1666 1092 1748 cognoscendo
1106 1668 1304 1750 praedicant3

158 1756 240 1819 aeris
253 1754 394 1818 volatilia
409 1765 595 1818 reverenter
610 1751 792 1815 obediendo
807 1752 970 1827 revelant;
993 1752 1089 1815 maris
1104 1754 1248 1818 natatilia
1262 1778 1305 1818 ex

158 1841 409 1905 mansuetudinis
426 1838 682 1923 obtemperantia
697 1838 947 1902 obsecundando
963 1839 1157 1902 concinnunt
1173 1854 1206 1904 et
1218 1864 1307 1904 com-

158 1929 323 1991 mendant.
371 1927 465 1991 Mare
481 1926 600 1990 etenim
626 1926 731 1989 Beato
749 1924 931 1989 Cuthberto
953 1927 1247 2010 inobtemperantes
1268 1928 1306 1991 li-

158 2015 235 2078 bere
259 2037 323 2077 non
349 2013 506 2097 permittit
536 2012 706 2089 excedere,
730 2034 790 2074 nec
814 2012 885 2075 loca
907 2034 975 2074 suae
1001 2013 1176 2076 sanctitatis
1201 2014 1306 2100 aliqua

160 2101 342 2164 temeritate
365 2100 529 2185 prophanis
551 2099 731 2183 polluentes
754 2099 869 2161 fluctus
892 2098 1006 2162 marini
1027 2122 1092 2163 non
1115 2100 1222 2164 sinunt
1248 2100 1307 2164 im-

160 2186 244 2272 pune
260 2186 436 2272 praeterire.
486 2186 584 2259 Quod
599 2185 673 2248 satis
696 2186 819 2269 patebit
836 2208 908 2248 cum
932 2185 1053 2270 pietate
1071 2187 1134 2250 Dei
1150 2188 1307 2252 mirabilia

160 2273 443 2358 perscrutantibus,
458 2285 491 2336 et
507 2272 600 2336 Beati
618 2271 790 2336 Cuthberti
805 2272 938 2356 gloriam
955 2271 1092 2337 dilucide
1114 2297 1156 2337 ex
1171 2275 1307 2339 miracu-

160 2362 264 2424 lorum
285 2360 454 2424 dulcedine
470 2372 503 2423 et
518 2357 682 2444 perspicue
698 2355 998 2443 contemplantibus.
1045 2361 1208 2446 Tempore
1224 2361 1307 2426 AEil-

160 2447 229 2524 rici,
254 2447 295 2511 de
326 2470 390 2533 quo
410 2446 628 2532 praediximus,
654 2445 695 2509 de
721 2444 853 2509 diversis
877 2445 1042 2510 nationum
1067 2446 1182 2512 finibus
1209 2472 1307 2535 quam

161 2535 279 2598 multos
304 2533 470 2596 hominum
496 2546 592 2596 aestus
619 2532 731 2596 marini
760 2533 1028 2616 perturbaverant
1058 2548 1091 2598 et
1120 2536 1231 2600 multae
1261 2536 1307 2600 eis

155 2622 293 2707 jacturae
317 2620 519 2705 dispendium
540 2619 730 2683 inculcando
752 2619 955 2684 minitabant.
1007 2621 1186 2686 Ventorum
1209 2623 1308 2687 etiam

161 2709 266 2784 flatus,
283 2708 338 2794 qui
353 2708 398 2771 eis
414 2731 457 2772 ex
472 2706 608 2771 adverso
629 2706 805 2770 renitentes
828 2706 1030 2785 obstiterant,
1048 2708 1090 2771 ad
1111 2708 1186 2772 litus
1214 2710 1308 2774 Beati

164 2794 337 2860 Cuthberti
363 2794 450 2880 quod
471 2793 503 2856 in
529 2793 633 2856 Fame
659 2793 767 2856 Insula
788 2793 928 2877 positum
943 2807 1003 2871 est,
1028 2817 1084 2858 eos
1107 2796 1308 2880 appulerant.

165 2881 267 2945 Erant
278 2881 375 2966 igitur
387 2881 430 2944 ibi
442 2903 538 2944 naves
554 2902 650 2966 quam
665 2879 822 2964 plurimae,
836 2892 869 2943 et
884 2880 1083 2944 multimodae
1097 2883 1235 2966 regionis
1250 2884 1309 2946 ho-

162 2969 263 3032 miues
279 2980 313 3031 et
328 2967 473 3031 diversae.
523 2966 588 3040 Qui
603 2965 750 3028 ininsula
764 2965 990 3050 peredinantes
1005 2967 1086 3030 aeris
1101 2990 1214 3032 serena
1225 2970 1307 3033 obti-

163 3077 240 3118 nere
262 3077 328 3117 non
345 3065 505 3137 poterant,
528 3075 587 3117 nee
607 3066 777 3116 ventorum
801 3053 971 3159 spiramina
993 3053 1038 3116 eis
1061 3054 1094 3116 in
1119 3077 1309 3140 prosperum

161 3141 279 3204 cedere
302 3162 367 3202 non
385 3140 548 3202 videbant.
597 3139 695 3203 Unde
719 3138 835 3202 cotidie
855 3152 888 3202 et
911 3137 1060 3203 continue
1088 3140 1181 3204 Beati
1207 3141 1309 3206 Cuth-

163 3227 247 3291 berti
262 3226 465 3289 clementiam
480 3226 704 3309 implorabant,
722 3237 756 3288 et
771 3225 906 3288 AEilrico
921 3225 964 3288 illi
980 3226 1147 3290 heremitae
1163 3228 1308 3291 insulano

164 3335 260 3399 quam
276 3312 391 3396 saepius
407 3335 501 3375 voces
524 3313 673 3397 querulas
696 3324 729 3375 et
752 3311 930 3395 gemituum
953 3313 1086 3397 suspiria
1108 3313 1308 3378 deferebant.

168 3399 267 3465 Unde
289 3399 343 3462 ille
366 3399 487 3462 miseris
508 3421 620 3462 eorum
639 3397 846 3483 compatienS,
863 3411 908 3475 et,
925 3399 1000 3462 licet
1015 3422 1080 3462 non
1092 3400 1244 3484 potuerit,
1262 3413 1310 3465 ta-

164 3509 239 3550 men
254 3508 439 3549 succurrere
454 3485 569 3561 nitens,
586 3482 739 3548 unacum
754 3484 798 3548 eis
814 3485 908 3548 Beati
926 3486 1098 3549 Cuthberti
1114 3486 1310 3570 deposcebat

164 3573 320 3638 auxilium
335 3586 369 3636 et
384 3571 486 3636 solitae
501 3571 597 3656 ipsius
620 3570 852 3636 benedictionis
868 3584 901 3635 et
913 3571 1044 3635 subsidii
1066 3573 1309 3654 monimentum.

168 3660 302 3725 Interim
310 3659 471 3723 heremita
479 3658 533 3722 ille
543 3681 654 3721 omnes
664 3656 1310 3736 familiariustenuit,etobnixiusomnibus

162 3749 224 3811 sub
237 3746 384 3832 mancipii
397 3745 559 3830 impendio
576 3743 758 3810 deservivit.
805 3741 876 3807 Nec
892 3745 937 3807 eis
949 3745 990 3808 de
1006 3745 1070 3807 suis
1084 3761 1311 3831 paupertatum

165 3834 282 3899 divitiis
302 3832 469 3898 abscondit
484 3833 542 3896 sed
561 3832 669 3896 omnia
687 3830 834 3894 omnibus
858 3854 918 3916 pro
933 3832 1123 3897 necessitate
1138 3833 1190 3896 vel
1206 3834 1311 3920 aliqud

165 3920 307 4006 corporis
342 3919 573 3983 incomoditate
604 3919 648 3983 eis
679 3918 712 3980 in
742 3940 911 3982 commune
942 3919 1103 4003 exposuit.
1166 3920 1209 3984 Et
1242 3921 1311 3987 fere

165 4008 245 4071 illud
260 4006 449 4071 omnimodis
466 4019 570 4070 totum
586 4019 619 4070 et
642 4005 814 4089 integrum,
832 4005 876 4069 eis
897 4019 966 4069 erat
981 4008 1071 4092 quasi
1093 4006 1255 4085 nichilum,
1272 4032 1313 4074 eo

166 4095 253 4181 quod
269 4117 328 4157 nec
344 4093 475 4181 quidem
486 4093 632 4157 omnibus
647 4105 775 4177 gratum
786 4114 846 4156 nec
858 4092 1048 4179 quibusdam
1062 4094 1147 4157 foret
1159 4094 1237 4160 utile
1253 4119 1312 4161 nec

166 4180 390 4245 necessarium.
438 4181 565 4265 Nempe
581 4203 693 4265 parum
709 4177 786 4264 quid
799 4179 851 4242 vel
864 4179 1085 4264 permodicum
1099 4179 1219 4267 aliquid
1234 4183 1314 4248 illud

167 4267 242 4352 ipsis
257 4267 402 4332 conferre
418 4268 534 4352 potuit,
546 4267 698 4353 quicquid
713 4265 846 4330 dicionis
861 4265 1018 4330 heremita
1033 4266 1065 4330 in
1077 4267 1219 4333 solitario
1234 4293 1314 4356 rupe

166 4354 309 4418 residens
324 4355 371 4420 eis
385 4353 568 4442 adquisivit.
595 4356 680 4419 Cum
695 4352 792 4437 igitur
802 4353 909 4419 omnia
920 4353 988 4437 ejus
1001 4353 1147 4421 omnibus
1163 4356 1314 4422 vidissent
