2924 4966
150 334 227 416 232
506 346 721 409 aucturum
748 355 931 409 mouscin

159 617 259 681 CAP.
284 616 334 679 CI
335 615 465 678 V.-De
479 615 609 697 quodum
628 613 724 694 aiyile
740 613 923 690 Castellum,
946 634 1022 677 cosa
1036 615 1190 679 ebrietatis
1203 616 1301 680 sabito

244 704 381 765 anatha
400 704 540 765 aremare
560 702 670 765 arico
681 723 694 773 ,·
717 702 863 784 qrwmodo
881 702 1001 765 Brutus
1028 703 1209 767 Cntlrbcrtas
1233 724 1302 767 eam

232 791 308 869 jam
328 792 424 853 solnm
444 792 550 853 morto
577 789 690 850 adam
709 790 934 869 premam
956 792 1105 866 ἰπυὼεήι,
1128 798 1158 854 ct
1175 812 1198 854 a
1223 799 1303 854 metu

245 879 351 939 mortis
373 898 439 939 eum
458 885 623 956 temperare
644 878 834 957 marapetit,
848 897 884 939 eo
904 879 987 959 qnod
1006 879 1133 943 abacia
1153 898 1231 959 opas
1253 900 1303 942 ec·

244 965 345 1027 clerice
358 985 424 1026 suae
437 967 481 1027 od
490 965 609 1044 lapides
621 965 823 1044 deportem
838 966 1206 1048 inritarerolitnsfnen't.

208 1137 360 1201 Sanctum
370 1150 403 1200 et
419 1136 559 1203 terribile
569 1151 618 1201 est
632 1159 749 1201 nomen
765 1136 857 1202 Beati
872 1137 1055 1215 Cuthberti,
1066 1138 1099 1202 in
1113 1137 1303 1207 multimoda

161 1224 235 1286 novi
251 1224 449 1289 exhibitione
464 1224 617 1289 miraculi.
658 1223 743 1289 Nam
758 1227 957 1291 sanctitatem
973 1248 1015 1290 ex
1030 1226 1224 1291 admirandis
1239 1224 1303 1290 vir·

162 1311 283 1376 tutibus
299 1311 362 1376 suis
377 1312 555 1398 depromit;
579 1325 734 1377 terrorem
756 1312 833 1378 verb
855 1336 897 1378 ex
919 1313 1055 1379 efficatia
1076 1314 1302 1379 miraculorum

162 1399 313 1464 ostendit.
375 1399 490 1464 Nullus
520 1399 670 1487 equidem
698 1400 818 1488 aliquid
846 1401 922 1466 boni
951 1423 1011 1488 pro
1040 1401 1176 1466 nominis
1203 1401 1301 1488 ipsius

161 1486 289 1552 honore
299 1487 425 1553 efficere
440 1487 557 1590 potuit,
595 1488 661 1552 uod
679 1489 799 1553 Beatus
816 1489 1013 1554 Cuthbertus
1029 1488 1302 1554 inremuneratum

161 1575 340 1660 praeterisse
355 1575 544 1661 penmserit.
624 1577 767 1643 amdam
781 1575 910 1642 minima
924 1577 991 1642 sine
1013 1577 1136 1664 praemii
1150 1579 1231 1643 certi
1251 1599 1302 1642 re-

163 1665 383 1728 muneratione
406 1687 470 1727 non
492 1663 645 1750 praeterit,
662 1664 824 1753 quomodo
846 1665 985 1730 maxima
1006 1665 1128 1765 absque
1149 1664 1303 1741 donativo

162 1751 314 1837 periectae
338 1750 553 1816 retributionis
581 1751 737 1819 incassum
765 1752 928 1852 praeterire
951 1752 1133 1839 permittit?
1178 1752 1232 1818 De
1253 1776 1303 1818 se·

162 1839 274 1926 quenti
285 1838 432 1904 nimirum
441 1840 595 1915 miraculo
605 1839 783 1906 admirabili
791 1841 974 1927 exemplum
985 1863 1110 1906 sumere
1121 1863 1300 1926 possumus,

162 1940 292 2014 quantae
316 1950 404 2013 spem
430 1928 556 1992 fiduciae
578 1928 676 1993 etiam
699 1929 740 1993 de
767 1928 902 1994 minimis
925 1928 1038 1993 nostris
1064 1928 1226 2015 operibus,
1242 1952 1302 2015 pro

163 2014 259 2099 ipsius
279 2015 400 2081 honore
416 2015 577 2094 exhibitis,
594 2017 713 2081 habere
728 2017 911 2081 debeamus.
958 2016 1119 2102 Tempore
1142 2016 1301 2117 siquidem

164 2103 225 2166 isto
241 2103 370 2190 quidam
386 2103 433 2167 vir
448 2127 568 2190 pauper
583 2104 717 2182 exstitit,
729 2105 782 2191 qui
798 2104 831 2168 in
842 2103 952 2169 humili
961 2104 1147 2190 dejectionis
1163 2103 1298 2183 vrlitate,

162 2193 203 2254 eh
228 2192 291 2279 qui
314 2192 431 2277 potuit,
448 2191 549 2256 Beato
580 2192 760 2257 Cuthberto
785 2192 956 2258 devotione
981 2215 1077 2280 qaam
1100 2191 1301 2280 frequentiis

164 2277 346 2343 deservivit.
395 2279 479 2343 Nam
491 2294 524 2344 et
539 2278 594 2343 diis
617 2279 649 2343 iu
673 2279 760 2345 curia
780 2279 1006 2347 monachorum
1022 2279 1124 2365 vigilis
1138 2279 1299 2367 mancipio
1331 2317 1332 2320 κ

164 2366 408 2445 ministraverat,
425 2380 458 2431 et
473 2367 585 2431 diebus
609 2366 697 2433 festis
721 2391 740 2433 a
763 2369 892 2434 sacn'std
911 2367 1054 2434 ecclesiae
1076 2367 1171 2434 Beati
1197 2369 1300 2434 Cuth-

163 2454 258 2531 berti,
276 2476 333 2539 pro
353 2454 549 2519 mercenario
572 2455 745 2519 conductus
768 2457 809 2520 ad
831 2456 971 2542 lapidum
993 2479 1091 2522 onera
1112 2454 1302 2541 deferenda,

164 2541 319 2627 praeconis
339 2543 443 2606 officio
463 2542 614 2627 plurimos
633 2541 799 2608 invitabat.
845 2542 1022 2611 Multorum
1049 2542 1197 2608 nimirum
1221 2538 1309 2631 lapi-'

164 2630 240 2693 dum
257 2629 313 2693 tali
329 2628 480 2694 industria
500 2629 574 2693 artis
598 2653 694 2717 quam
712 2631 827 2718 saepihs
846 2645 1085 2719 aggregaverat,
1103 2646 1137 2696 et
1154 2632 1216 2697 hoc
1233 2642 1317 2696 uon¹

164 2732 288 2782 tantum
304 2740 362 2803 pro
384 2717 526 2782 lucrandi
548 2719 749 2798 commercio,
767 2743 863 2808 quam
884 2743 942 2817 pro
965 2716 1097 2784 interuae
1120 2717 1298 2785 devotionis

165 2805 271 2870 studio
283 2805 430 2870 faciebat.
480 2806 575 2873 Unde
591 2806 682 2870 multi
697 2809 796 2874 verbo
817 2808 1022 2894 praeconariae
1044 2807 1298 2873 commonitionis

164 2891 245 2958 illius
261 2893 391 2971 ascensi,
431 2893 659 2960 uamistudiose
674 2918 898 2984 nonuunquam
912 2895 1032 2982 lapides
1048 2896 1090 2960 ad
1103 2918 1184 2983 opus
1199 2892 1301 2963 eccle-

164 2983 219 3046 siae
238 2981 331 3048 Beati
349 2918 519 3047 Cutlberti
543 2981 749 3060 deferebant3
772 2998 805 3050 et
828 2997 892 3049 tam
916 2984 973 3050 viri
992 3006 1089 3071 quam
1102 2983 1252 3049 mulieres
1266 2997 1300 3049 et

158 3072 293 3157 juvenes
316 3070 508 3159 quandoque
530 3070 676 3136 certatim
698 3072 812 3137 talibus
827 3072 946 3138 studiis
969 3070 1167 3137 insistebant.
1214 3071 1301 3139 Nam

164 3159 344 3246 quicunque
360 3157 464 3244 potuit
488 3157 550 3223 alio
564 3159 635 3244 plus
650 3158 790 3239 deferre,
803 3160 853 3227 hic
869 3159 923 3246 pio
941 3159 1123 3226 Confessori
1138 3182 1172 3225 se
1187 3159 1300 3227 crede·

164 3249 220 3311 bat
236 3246 368 3331 amplius
384 3247 592 3333 complacere.
640 3245 709 3312 Nec
729 3247 764 3314 in
787 3247 835 3313 his
857 3248 966 3313 seduci
981 3260 1140 3334 poterant,
1157 3270 1196 3315 eo
1210 3248 1298 3358 quod

169 3335 270 3399 Beato
289 3335 468 3400 Cuthberto
483 3335 542 3398 sub
558 3335 613 3401 tali
628 3334 801 3403 ministerio
815 3335 932 3402 cotidie
947 3336 1157 3401 liunerabant.
1205 3334 1299 3401 haim

164 3445 241 3487 vero
256 3421 448 3507 sempiterna
462 3424 616 3509 optabant
636 3423 721 3488 bona
736 3446 775 3488 eo
790 3424 1007 3490 intercedente
1022 3423 1175 3508 recipere,
1189 3446 1302 3512 quem·

164 3533 289 3598 cunque
305 3510 473 3596 contigisse
490 3525 643 3575 noverant
666 3511 717 3575 vel
739 3512 894 3578 calculum
920 3512 1058 3612 aliquem
1083 3511 1134 3576 vel
1157 3510 1299 3598 lapillum

164 3598 289 3663 modies
319 3597 475 3663 uantitate
487 3611 673 3684 pertenuem
685 3622 743 3684 pro
754 3599 850 3693 ipsius
863 3600 995 3665 nomims
1003 3599 1124 3665 honore
1136 3598 1298 3665 detulisse.

169 3687 278 3762 Unde,
298 3621 379 3750 ileo
402 3685 601 3770 disponente,
618 3687 752 3775 contigit
777 3700 813 3752 ut
839 3687 897 3777 qui
921 3687 998 3753 boni
1027 3687 1131 3772 operis
1154 3689 1300 3753 incentor

163 3773 299 3852 exstitit,
314 3773 354 3838 de
364 3775 497 3839 aliorum
506 3773 626 3840 meritis
642 3775 700 3840 sibi
714 3778 828 3843 munus
843 3777 968 3846 virtutis
983 3772 1195 3862 adqutesierit.
1222 3774 1300 3841 For·

165 3863 242 3926 tund
257 3861 405 3949 denique,
423 3877 458 3924 ut
473 3862 568 3926 moris
583 3875 642 3940 est,
659 3886 765 3928 rerum
787 3877 887 3930 status
909 3858 1075 3928 alterando
1097 3861 1297 3941 immutante,

166 3949 272 4014 evenit
284 3962 319 4013 ut
329 3950 433 4014 locum
443 3948 640 4014 immutando
649 3952 691 4015 ad
703 3951 852 4038 Episcopi
861 3952 1045 4017 servitutem
1057 3949 1249 4028 devenisset,
1267 3945 1300 4016 et

166 4061 260 4122 super
294 4036 413 4102 castelli
445 4061 550 4102 muros
575 4038 659 4104 circa
683 4030 923 4125 propugnacula
946 4038 1121 4123 vigiliarum
1146 4039 1299 4104 excubias

166 4138 342 4190 exerceret.
390 4124 459 4189 Nec
482 4126 599 4190 diutius
622 4127 655 4190 in
670 4127 725 4192 tali
743 4127 916 4192 ministerio
931 4125 1089 4212 praestitit,
1106 4127 1193 4213 quod
1208 4149 1299 4191 casus

166 4214 269 4295 gravis
286 4212 447 4278 infortunii
460 4238 533 4278 eum
548 4215 772 4300 praeveniendo
787 4215 975 4281 confoderit.
1021 4213 1127 4279 Nocte
1142 4213 1298 4302 siquidem

166 4302 311 4386 quisdam,
329 4325 392 4364 una
414 4323 485 4365 cum
509 4302 600 4366 sociis
621 4303 767 4389 vigilibus
788 4303 908 4368 castelli
928 4325 1033 4368 muros
1056 4325 1297 4380 conscensurus,

167 4389 274 4452 multa·
290 4388 453 4453 ebrietatis
465 4412 597 4475 sompno
612 4392 802 4477 crapulatus,
814 4413 870 4477 per
881 4391 1118 4478 propugnacula
1128 4390 1298 4456 multifarie
