2924 4966
158 365 235 431 284.
519 377 736 429 aaarnnnnr
766 378 949 428 nrouncnr

158 544 346 630 praedictam
365 542 532 608 ecclesiam
548 543 741 630 deferentes
763 541 866 607 Beato
885 543 1067 608 Cuthberto
1090 545 1238 630 precibus
1261 569 1310 610 se-

159 633 242 697 dulis
258 630 532 711 commendavere,
549 655 587 696 ac
602 631 646 695 sic
658 644 786 696 noctem
802 631 1001 716 insompnem
1017 631 1048 694 in
1064 632 1153 698 luctlr
1169 648 1203 697 et
1219 635 1309 698 lacri-

159 722 218 785 mis
242 721 462 785 transduxire.
509 720 609 784 Mane
625 722 703 784 verb
726 719 812 783 facto
836 742 909 782 cum
934 743 1068 806 puerum
1085 745 1118 785 se
1134 723 1308 806 sepulturae

158 809 333 874 tradituros
356 809 537 893 sperabant,
555 831 630 873 ecce
646 807 753 872 subito
775 807 864 871 illum
880 808 988 872 oculos
1012 811 1201 893 erigentem,
1220 825 1253 874 et
1275 810 1308 874 in

159 896 229 960 illos
245 897 465 961 subridentem
483 895 732 980 conspiciebant.
780 895 828 959 Ac
843 895 961 959 deinde
977 919 1086 961 omnes
1107 912 1215 962 motus
1239 922 1309 962 cor-

158 985 245 1069 poris
261 984 373 1048 vitales
396 985 512 1047 sensim
534 983 725 1068 percipiens,
743 983 776 1046 in
798 1006 895 1047 manu
919 997 1086 1069 parentum
1102 985 1191 1049 domi
1214 1010 1306 1050 sanus

159 1088 208 1137 est
223 1072 407 1158 perductus,
424 1072 478 1158 qui
502 1071 556 1135 illo
571 1084 716 1136 mortuus
739 1072 825 1156 prius
840 1071 946 1136 fuerat
961 1072 1088 1136 allatus.
1136 1074 1201 1138 Pro
1217 1077 1306 1160 cujus

71 1238 75 1242 ὁ
159 1159 303 1224 miraculi
330 1158 514 1225 testimonio
540 1175 632 1245 pater
655 1160 724 1244 ejus
748 1159 851 1244 ipsum
875 1183 984 1224 secum
1008 1161 1162 1245 produxit
1184 1162 1307 1227 Dunel-

158 1271 257 1325 mum,
275 1261 309 1312 et
331 1271 403 1312 curn
427 1271 467 1311 co
485 1247 615 1310 anulum
631 1248 769 1311 offerens
792 1270 936 1325 aureum,
954 1251 987 1311 in
1013 1249 1106 1312 Beati
1133 1251 1306 1316 Cuthberti

158 1337 305 1421 sepulcro
320 1335 557 1420 configendum,
576 1335 651 1399 Deo
666 1347 700 1399 et
722 1335 776 1420 pio
795 1336 978 1400 Confessori
998 1337 1067 1422 ejus
1082 1338 1201 1422 gratias
1221 1353 1308 1403 retu-

157 1425 206 1503 lit,
223 1437 256 1489 et
272 1425 363 1489 nobis
378 1424 448 1487 haec
463 1422 570 1487 omnia
585 1423 781 1488 notificando
796 1423 981 1488 declaravit.
1003 1502 1005 1508 .

158 1690 257 1755 CAP.
276 1689 409 1755 CXXX
410 1690 441 1753 V
438 1690 660 1768 I.-Qualitcr
670 1692 726 1752 nia
736 1697 829 1752 wtam
843 1693 994 1770 raptorum
1005 1694 1132 1772 operuit,
1146 1694 1201 1754 aed
1213 1713 1305 1773 super

240 1780 388 1859 populum
407 1780 440 1840 in
462 1778 590 1858 Capelld
611 1778 718 1841 Sarrcti
740 1778 896 1842 Cuthberti
913 1788 1148 1858 pernoctantem,
1170 1801 1224 1844 nec
1244 1802 1306 1843 etna

242 1874 342 1947 putta,
358 1867 428 1929 licet
429 1866 550 1948 fuisset
563 1868 760 1946 discooperta,
778 1867 899 1928 decidit.
1045 1899 1046 1902 =

205 2041 283 2105 Post
298 2039 341 2125 pii
364 2041 464 2125 patris
483 2039 654 2104 Cuthberti
671 2038 805 2116 obitum,
823 2039 996 2103 multorum
1016 2040 1161 2104 accendit
1184 2043 1306 2105 animos

147 2130 290 2194 devotio
305 2127 459 2207 fidelium,
476 2129 545 2213 ejus
560 2128 674 2192 honori
690 2150 747 2191 sua
762 2127 923 2192 territoria
937 2127 1087 2192 dedicare
1101 2152 1110 2204 ;
1134 2143 1167 2193 et
1185 2130 1260 2194 Deo
1275 2132 1306 2194 in

158 2217 255 2302 ipsius
270 2215 400 2279 nomine
415 2217 522 2300 plures
538 2216 689 2279 ecclesias
703 2214 852 2279 fundatas
862 2237 1060 2280 consecrare.
1106 2217 1159 2281 De
1171 2241 1307 2304 quarum

158 2327 293 2368 numero
308 2303 445 2380 infinito,
462 2303 611 2389 quaedam
626 2303 749 2388 capella
763 2304 804 2367 ab
820 2302 955 2403 antiquo
969 2305 1009 2368 ab
1025 2305 1140 2369 attavis
1155 2309 1305 2390 progeni-

158 2393 281 2457 toribus
305 2391 337 2454 in
359 2391 518 2477 provintia
532 2414 606 2477 quae
623 2390 835 2455 Tevietedale
850 2391 977 2469 dicitur,
994 2392 1129 2457 fundata
1143 2392 1226 2470 fuit3
1250 2397 1305 2483 qui
1340 2461 1342 2466 ,

146 2482 246 2544 locus
273 2502 293 2543 a
315 2478 429 2564 piscosi
453 2477 591 2542 fluminis
607 2478 781 2556 vicinitate,
799 2478 853 2566 qui
877 2501 968 2544 secus
994 2479 1082 2543 illum
1097 2479 1128 2543 in
1155 2483 1306 2566 proximo

157 2566 358 2654 praeterfluit,
380 2565 505 2630 Slitrith
528 2589 643 2629 nomen
666 2567 800 2652 accepit,
818 2590 891 2655 quae
908 2567 1047 2632 matricis
1067 2567 1223 2647 ecclesiae,
1244 2572 1306 2634 Ca-

149 2678 249 2720 'vetes
264 2667 399 2731 vocatae,
417 2654 540 2740 capella
554 2653 675 2719 existit.
723 2654 775 2718 Ad
790 2654 872 2720 hanc
887 2678 982 2742 quam
996 2654 1205 2743 frequentibs,
1222 2656 1304 2721 sicut

160 2745 303 2809 Persona
317 2742 461 2828 praefatae
477 2741 632 2821 ecclesiae,
652 2741 811 2821 Dolfinus,
829 2744 906 2809 satis
924 2744 956 2807 in
971 2744 1086 2808 finibus
1101 2743 1162 2808 illis
1177 2745 1305 2809 notissi-

156 2855 239 2911 mus,
257 2845 291 2897 et
313 2831 473 2916 indigenae
495 2831 671 2916 perplures,
690 2830 765 2894 Deo
779 2833 848 2895 noti
871 2845 904 2896 et
919 2830 1028 2896 devoti
1042 2831 1166 2910 fideles,
1184 2845 1305 2897 testan-

148 2935 220 2999 tur,
238 2919 331 2985 mnlti
355 2932 421 2984 tam
447 2919 514 2983 sani
541 2941 637 3006 quam
660 2917 777 2982 infirmi
792 2923 998 2998 conveniunt,
1014 2933 1083 2984 tum
1106 2942 1166 3006 pro
1195 2922 1304 2986 Sancti

156 3009 239 3073 illins
253 3009 387 3085 honore,
404 3021 473 3071 turn
493 3030 551 3092 pro
566 3007 679 3070 crebra
693 3007 867 3091 signorum,
885 3031 958 3095 quae
977 3008 1021 3073 ibi
1040 3009 1132 3087 liunt,
1149 3010 1252 3094 gratia
1270 3025 1304 3075 et

155 3098 310 3162 novitate.
360 3095 511 3170 Quodam
533 3095 631 3180 igitur
649 3109 807 3180 tempore,
824 3109 958 3181 propter
978 3097 1064 3163 diem
1082 3097 1176 3161 Beati
1202 3099 1305 3163 Cuth-

155 3186 262 3263 berti,¹
282 3184 338 3248 illo
361 3183 624 3248 convenientibus
647 3183 755 3246 multis
776 3182 810 3246 in
832 3207 942 3263 unum,
960 3185 1052 3248 multi
1074 3185 1156 3250 infra
1170 3187 1303 3271 capellae

154 3273 294 3357 parietes
316 3274 456 3337 accensis
479 3271 686 3336 luminaribus
701 3295 809 3335 secum
832 3294 891 3357 pro
905 3272 1077 3338 devotione
1100 3273 1215 3353 allatis,
1233 3297 1305 3338 ora-

156 3361 296 3425 tionibus
311 3359 490 3436 vacabant3
509 3359 619 3445 junior
634 3358 714 3423 verb
727 3371 806 3423 aetas
824 3383 899 3425 cum
918 3361 988 3424 eliis
1006 3361 1150 3446 pluribus
1169 3358 1304 3426 forinse-

154 3472 220 3526 cus,
237 3448 404 3512 sinuamini
419 3447 647 3525 membrorum,
662 3448 713 3510 vel
728 3446 851 3512 choreis
863 3447 1028 3527 ducendis,
1045 3449 1126 3514 sicut
1141 3453 1237 3514 moris
1254 3465 1303 3514 est

150 3536 326 3621 juventuti,
351 3558 481 3620 operam
510 3535 641 3599 dabant.
688 3535 838 3599 Necdum
861 3536 992 3622 quidem
1016 3537 1122 3622 vigilia
1144 3551 1303 3602 nocturna

153 3623 296 3709 perfecte
312 3624 497 3700 advenerat,
514 3623 591 3687 licet
605 3646 664 3708 per
683 3622 881 3688 incrementa
894 3638 1130 3703 momentanea,
1146 3625 1215 3690 dies
1231 3649 1303 3690 sen-

154 3711 212 3774 sim
238 3713 270 3774 in
295 3734 461 3795 vesperum
489 3711 712 3775 tenebrescere
733 3712 803 3796 jam
829 3711 1005 3797 inceperat.
1053 3714 1186 3797 Capella
1204 3713 1301 3778 etiam

152 3799 319 3884 praedicta,
336 3799 492 3862 stantibus
508 3799 612 3862 adhuc
638 3798 771 3884 lapideis
797 3799 956 3884 parietum
982 3800 1132 3878 materiis,
1149 3802 1218 3886 jam
1244 3825 1302 3886 per

153 3887 276 3987 aliquot
295 3909 451 3950 annorum
465 3887 632 3964 curricula,
650 3887 752 3951 veteri
774 3899 864 3952 tecto
878 3887 1008 3952 omnino
1024 3889 1233 3973 depereunte,
1250 3913 1304 3954 su·

147 3986 261 4058 pernis
288 3987 357 4038 tota
383 3987 453 4039 erat
479 3974 691 4061 discooperta,
709 3989 742 4040 et
770 3987 836 4040 tam
855 3989 1025 4041 ventorum
1048 3976 1189 4056 flatibus,
1205 3995 1302 4064 quam

151 4062 311 4147 ymbrium
326 4061 533 4127 infusionibus
546 4063 703 4148 adesuper
718 4077 831 4148 patens
840 4078 874 4130 et
889 4065 1011 4151 pervia.
1057 4063 1171 4128 Noctis
1184 4066 1302 4131 deinde

151 4151 339 4233 crepusculo
354 4152 535 4234 ingruente,
553 4173 628 4215 ecce
640 4151 748 4215 subito
760 4165 936 4239 tempestas
948 4175 1034 4216 saeva
1048 4168 1115 4216 tam
1130 4169 1302 4223 ventorum

151 4257 247 4323 quam
269 4238 440 4324 ymbrium,
458 4238 548 4317 nivis,
574 4251 607 4303 et
630 4240 824 4323 grandinum
847 4241 974 4321 accidit,
994 4262 1068 4328 quae
1091 4262 1202 4307 omnes
1224 4242 1302 4308 foris

570 4412 580 4452 ¹
593 4415 652 4467 The
663 4416 729 4469 aoth
741 4417 772 4468 of
781 4415 879 4470 March.
