2924 4966
456 366 639 417 aunarii.
668 366 869 429 alrannus,
897 366 983 417 arc.
1235 354 1301 425 191

154 533 363 599 reclinantem
385 554 457 597 sese
480 524 693 595 suffulciendo
715 528 863 605 innitens,
880 530 1086 613 langruntcm
1108 530 1198 595 senio
1221 532 1305 597 mole

152 622 197 685 sui
211 620 323 705 coegit
344 640 535 703 exsurgere,
551 616 617 705 qub
640 616 741 681 lesiirs
764 616 806 681 ad
829 616 911 701 signi
935 634 1042 701 posset
1069 618 1305 703 corripiendum

151 709 259 772 funem
275 706 477 791 contingere.
525 704 619 769 Tunc
633 702 733 769 frater
747 704 800 769 ille
814 704 982 769 desursum
998 730 1032 767 se
1055 705 1171 783 erexit,
1195 720 1227 771 et
1251 708 1306 793 qni

153 795 239 895 prius
264 794 337 859 tota
361 806 456 857 nocte
486 792 659 857 reclinatus
688 790 730 855 ad
759 814 865 877 genua
894 792 1033 867 sederat,
1065 806 1141 855 tunc
1170 794 1306 877 junioris

154 882 293 967 impulsu
323 880 441 957 fratris,
468 878 596 943 directo
620 878 707 943 dorsi
733 878 904 943 lineamine
927 878 1099 943 residebat.
1159 880 1242 945 Nam
1273 885 1306 945 iu

153 968 385 1055 posterioribus
414 966 630 1032 scabellorum
652 966 810 1031 asseribus
841 990 875 1031 se
899 967 1069 1041 acclinans,
1094 980 1127 1031 et
1151 968 1211 1031 sibi
1236 986 1306 1033 erat

154 1056 313 1133 salamini,
326 1068 361 1119 et
375 1054 467 1119 fratri
506 1052 641 1117 roedicto
655 1054 697 1117 ad
712 1052 820 1119 furiem
836 1052 1070 1137 corripiendam
1092 1054 1191 1120 (labat
1206 1056 1307 1119 l'acili·

155 1166 243 1208 0rem
259 1144 441 1229 potentiam
499 1140 610 1205 eundi.
658 1140 752 1205 Beati
775 1142 896 1206 etenim
922 1142 1094 1205 Cutlrberti
1111 1142 1162 1227 piri
1177 1144 1307 1227 dispen-

154 1232 280 1296 satione
295 1230 358 1295 hoc
373 1242 483 1295 actum
498 1241 568 1303 est3
583 1228 659 1314 quia
674 1228 732 1291 nisi
747 1226 904 1314 semeriis,
917 1242 1027 1291 erecto
1043 1228 1159 1313 capite,
1171 1231 1307 1296 resedis-

156 1334 214 1396 set,
230 1316 408 1403 praedictus
423 1315 536 1393 frater,
562 1314 731 1379 decidente
746 1316 848 1416 signo,
866 1314 972 1401 capite
994 1316 1156 1381 detestato
1179 1317 1208 1380 ei
1224 1320 1305 1403 sigui

155 1405 321 1471 collisione
344 1404 516 1469 cerebrum
543 1403 585 1467 de
611 1404 694 1466 testi
719 1403 832 1489 caprtis
858 1404 1061 1467 excussisset.
1123 1402 1250 1489 Nempe
1274 1406 1306 1469 in

155 1494 272 1559 eodem
286 1492 362 1557 loco
376 1489 584 1577 postmodum
598 1488 769 1555 decidebat
793 1490 825 1553 in
841 1513 906 1576 quo
922 1492 990 1553 torti
1006 1504 1102 1553 nocte
1123 1492 1171 1554 sui
1194 1492 1306 1577 capitis

155 1580 273 1645 molem
298 1578 524 1643 reclinaverat.
584 1574 656 1641 Nec
680 1590 787 1641 tamen
815 1580 951 1641 Sanctus
980 1577 1179 1641 Cntlrbertns
1202 1579 1247 1643 ita
1262 1580 1306 1643 illi

155 1666 299 1731 evenisse
324 1666 437 1743 voluit,
454 1688 497 1729 eo
522 1664 611 1751 quod
637 1686 696 1749 pro
715 1664 860 1729 karitatis
875 1664 1060 1739 devotione,
1086 1680 1118 1727 et
1136 1687 1193 1750 pro
1213 1665 1306 1731 Beati

157 1753 332 1821 Cuthberti
359 1751 528 1817 efficiendo
556 1751 690 1827 honore,
721 1774 755 1815 se
788 1750 932 1837 superius
962 1750 1158 1827 reclinando,
1184 1752 1306 1837 juniori

155 1842 296 1928 reptanti
310 1840 490 1905 faciliorem
504 1838 627 1903 aditum
642 1840 846 1903 condonarit.
894 1836 979 1901 Nam
994 1838 1067 1902 lrinc
1090 1838 1208 1903 karitas
1224 1856 1305 1916 erat,

155 1928 242 2017 quod
256 1942 373 1993 contra
397 1925 591 1991 infirmitatis
606 1948 674 1989 suoe
699 1926 877 1990 molestiam
904 1950 938 1989 se.
960 1948 1090 2003 vexare,
1107 1938 1139 1989 et
1155 1926 1306 1991 fraterna

155 2014 316 2081 voluntati
341 2015 450 2079 locum
475 2014 565 2091 dare,
581 2013 705 2089 voluit;
728 2014 801 2078 lrinc
817 2037 895 2077 vero
918 2012 972 2098 pria
993 2013 1097 2077 Beato
1124 2014 1307 2079 Cutlrberto

155 2102 300 2181 devotio,
331 2101 420 2189 quod
450 2123 485 2164 se
518 2100 625 2185 potius
653 2100 819 2185 delegerat
846 2100 981 2185 fatigare
1012 2116 1043 2164 et
1074 2100 1190 2165 seniles
1219 2116 1306 2165 artus

155 2193 321 2276 patienter
336 2189 474 2274 erigere,
490 2209 586 2275 qnam
606 2188 699 2251 Beati
718 2187 890 2253 Cuthberti
902 2188 1003 2251 debiti
1020 2188 1148 2253 honoris
1168 2189 1308 2254 officium

155 2278 284 2363 longius
304 2276 337 2340 in
350 2275 570 2362 protrahendo
586 2274 752 2359 impedire,
769 2275 835 2339 sive
858 2275 970 2339 horam
986 2277 1165 2359 regularem
1182 2276 1308 2362 longius

157 2366 271 2431 debito
295 2376 443 2449 tempore
473 2362 649 2448 praeterire.
708 2363 790 2426 Hac
820 2362 927 2427 omnia
956 2363 1075 2427 Beatus
1109 2365 1307 2429 Cutlibertus

156 2450 306 2518 subtilitis
336 2448 551 2515 examinando
580 2450 814 2534 prrependerat‚
843 2462 876 2513 et
903 2449 1018 2513 iccirco
1044 2474 1116 2515 eum
1148 2475 1168 2515 a
1197 2454 1308 2516 mortis

157 2540 292 2605 vulnere
311 2536 516 2625 protegebat.
564 2538 607 2600 At
624 2538 735 2621 junior
758 2538 821 2615 illc,
848 2536 968 2621 irnpetir
993 2538 1117 2603 fortiori
1141 2539 1308 2628 minusque

157 2624 292 2727 providi
321 2628 458 2703 irruens,
489 2624 630 2687 funiculo
667 2624 774 2709 digitis
814 2625 968 2702 involuto,
1007 2626 1132 2711 signum
1170 2626 1307 2713 impulit,

158 2714 315 2815 rlludque,
331 2712 424 2813 quasi
439 2711 526 2775 omni
543 2711 710 2775 obstaculo
732 2711 931 2789 dissolutum,
949 2713 990 2775 ad
1013 2713 1164 2779 inferiora
1185 2716 1309 2780 ruendo
1328 2771 1339 2792 ,

159 2799 384 2887 proecrpitavrt.
432 2798 560 2863 Fratres
586 2798 683 2884 quim
706 2800 825 2883 plures,
842 2799 895 2886 qui
915 2799 1173 2879 circumstabant,
1190 2816 1224 2867 et
1239 2803 1309 2867 lraec

159 2888 270 2953 omnia
290 2884 475 2973 praeclaribs
490 2885 713 2963 advertebant,
739 2887 892 2950 Sanctum
911 2888 1127 2952 Cntlrbertum
1143 2891 1310 2954 uberrimis

159 2998 294 3061 precum
302 2974 435 3039 vocibus
444 2971 669 3050 inclamabant,
680 2996 720 3037 eo
735 2974 823 3060 quod
835 2989 973 3038 mortem
985 2975 1205 3040 imminentem
1216 2977 1309 3041 alicui

159 3062 260 3127 stanti
274 3060 407 3127 inferius
431 3060 657 3124 formidabant.
707 3061 841 3145 Signum
857 3076 965 3126 tamen
986 3062 1065 3126 illud
1080 3085 1153 3126 cum
1168 3065 1310 3128 maximo

160 3148 253 3215 molis
264 3148 402 3235 strepitu
417 3148 549 3225 corruit,
566 3160 600 3211 et
614 3170 672 3232 per
687 3149 833 3232 praedicti
848 3148 980 3213 senioris
1003 3163 1115 3234 pectus
1138 3150 1311 3216 dilabendo

160 3236 321 3323 gradiens,
332 3250 367 3301 et
378 3235 554 3300 volutando
566 3234 754 3314 dilambens‚
769 3236 1017 3321 supersedentis
1033 3259 1118 3320 genu
1131 3237 1262 3316 decidit,
1277 3252 1311 3303 et

161 3346 236 3389 cum
246 3323 362 3411 grandi
373 3345 549 3399 murmure,
561 3324 651 3411 quasi
667 3322 871 3407 indignanter
883 3323 948 3386 sive
964 3323 1124 3408 repulsam
1139 3327 1309 3404 sustinens,

156 3412 199 3475 -in
213 3413 358 3477 medium
373 3410 463 3474 chori
486 3409 554 3473 sine
571 3411 657 3472 omni
680 3410 871 3474 contritione
888 3433 922 3473 se
946 3411 1119 3475 convolvit.
1168 3412 1311 3498 Impetus

163 3498 218 3564 ille
229 3512 322 3565 tanto
333 3497 485 3583 strepitirs
497 3519 659 3561 murmure
669 3520 727 3582 per
737 3521 847 3562 omnes
859 3498 1003 3561 ecclesiae
1015 3499 1094 3563 fines
1105 3498 1150 3562 ita
1159 3498 1310 3580 intonuit,

165 3586 256 3673 quasi
276 3585 408 3671 parietis
431 3584 556 3649 ruinam
578 3584 755 3649 minitando
778 3585 930 3649 effecerit.
992 3584 1062 3649 Nec
1086 3586 1310 3668 dubitandum,

164 3674 243 3761 quin
255 3672 357 3738 hostis
380 3673 529 3758 antiquus
545 3671 622 3735 talia
636 3673 847 3736 machinando
863 3672 1034 3737 demolitus
1049 3673 1157 3752 fuerit,
1174 3676 1228 3761 qui
1244 3699 1312 3739 om-

165 3762 254 3825 nium
270 3760 428 3825 malorum
443 3760 588 3823 incentor
604 3772 636 3824 et
652 3761 798 3824 inventor
813 3761 934 3824 existit.
984 3760 1026 3823 Et
1042 3762 1068 3824 si
1083 3783 1147 3824 non
1162 3761 1312 3846 prodesse

165 3850 283 3933 potuit,
300 3864 408 3911 tamen
423 3846 597 3911 irretiendo
613 3868 721 3910 casum
740 3848 871 3911 malitiae
890 3847 1068 3911 seminavit.
1115 3847 1201 3912 Nam
1220 3849 1312 3915 alteri

165 3934 394 3999 monachorum
406 3934 611 4018 intemptavit
623 3938 734 3997 mortis
747 3937 916 4019 insperatae
928 3934 1114 4018 periculum,
1129 3936 1220 3999 alteri
1236 3959 1312 4000 vero

166 4020 334 4107 sacrilegii,
344 4020 437 4084 simul
449 4033 481 4084 et
490 4019 654 4084 homicidii
666 4034 800 4085 reatum.
832 4022 1007 4106 Sacrilegii,
1021 4022 1141 4086 violato
1153 4024 1313 4106 sanguinis

165 4108 345 4195 pollutione
359 4107 574 4183 monasterio;
594 4108 768 4187 homicidii,
785 4110 884 4173 fratre
900 4121 933 4172 et
953 4109 1110 4172 monacho
1126 4109 1314 4175 innocenter

166 4194 285 4261 occiso.
334 4195 399 4259 Sed
414 4194 572 4280 piissimus
587 4208 679 4279 pater
694 4196 890 4261 Cuthbertus
905 4196 979 4259 hinc
991 4217 1102 4280 preces
1117 4196 1251 4260 fratrum
1264 4199 1313 4262 sui

166 4282 303 4347 nominis
314 4282 434 4347 auxilia
443 4282 673 4366 postulantium
684 4306 748 4346 non
761 4283 888 4361 avertit,
901 4283 975 4346 hinc
987 4282 1117 4346 alterius
1129 4283 1233 4346 fratris
1244 4285 1314 4369 jus-

168 4370 287 4449 ticiam,
300 4370 386 4436 illinc
396 4392 474 4434 vero
485 4369 590 4433 fratris
598 4370 733 4455 junioris
746 4371 970 4448 innocentiam,
983 4369 1138 4434 incassirm
1149 4373 1313 4455 praeterire
