2924 4966
155 360 229 436 ‘236
504 378 718 429 enarrator
751 375 933 429 nossem

155 549 238 614 adeo
265 545 357 610 vicini
381 543 518 621 suerent,
532 542 619 630 quod
644 564 806 607 sermones
827 541 931 607 mutui
953 543 994 607 ab
1016 542 1179 609 alterutris
1202 543 1307 610 audiri

156 650 338 723 potuerant.
386 631 629 718 Mirabaturque
640 630 687 694 vir
697 629 750 695 ille
766 643 800 696 et
813 631 976 717 stupebat,
993 633 1070 719 quia
1083 633 1245 698 neminem
1261 634 1306 699 dc

155 723 221 788 suis
235 719 503 823 'persecutoribus
526 717 642 784 mutire
667 718 718 783 vel
742 719 857 804 pedem
882 741 1012 784 movere
1044 719 1184 786 ridebat.
1241 722 1307 787 Per

158 810 299 876 med1um
319 830 398 893 ergo
421 806 546 871 illorum
570 805 737 884 transiens,
753 806 814 871 boc
839 829 919 892 opus
944 807 1097 884 miraculi,
1114 822 1306 894 protegente

156 897 328 963 clementia
345 896 438 960 Beati
458 894 640 971 Cuthberti,
657 893 790 978 perfecit
804 917 914 980 opere,
931 895 1018 982 quod
1035 895 1193 973 Dominus
1211 898 1307 962 Jesus
1336 919 1342 932 ·

182 985 320 1050 nondam
331 982 477 1049 exhibuit
486 982 518 1046 in
527 983 583 1046 sud
587 981 819 1067 persecutione.
829 982 1041 1068 'Praecipitare
1053 983 1183 1070 quidem
1191 985 1307 1050 Jesum

159 1009 202 1138 le
217 1071 332 1137 montis
348 1069 517 1156 supercilio
531 1070 692 1146 volebant,
708 1071 766 1134 sed
778 1069 961 1155 digrediens
972 1093 1030 1156 per
1040 1093 1151 1136 manus
1163 1071 1306 1158 ipsorum

161 1160 281 1225 medias
297 1181 354 1244 per
369 1158 510 1222 medium
527 1157 653 1222 illorum
675 1157 753 1223 ibat.
802 1157 854 1222 Sic
876 1158 973 1224 etiam
999 1159 1118 1224 Beatus
1144 1160 1307 1226 Cuthber-

163 1264 213 1313 tns
229 1247 261 1311 in
277 1270 310 1312 se
326 1250 479 1313 confisum
494 1245 535 1310 de
550 1245 656 1309 medio
672 1245 868 1310 inimicorum
889 1268 1017 1311 suorum
1042 1247 1170 1333 eripuit,
1187 1262 1222 1313 et
1237 1248 1306 1335 pie-

163 1335 237 1400 tatis
262 1358 328 1398 suae
351 1333 486 1398 dexteri
530 1347 679 1418 rotegens
700 1355 758 1419 per
780 1333 920 1398 medium
950 1334 1089 1399 bostium
1112 1336 1304 1402 transduxit.

166 1424 224 1487 Vir
240 1422 336 1507 igitur
359 1421 412 1486 ille
435 1356 568 1486 insulism
591 1420 744 1496 introivit,
770 1433 803 1485 et
829 1421 922 1487 Beati
952 1422 1124 1488 Cuthberti
1147 1424 1222 1488 duci
1246 1449 1305 1489 suo

162 1513 279 1576 bovem
303 1510 450 1595 optulit;
488 1508 697 1595 omnibusque
727 1509 839 1573 diebus
866 1508 900 1572 in
929 1509 1041 1575 eadem
1068 1509 1171 1576 inauli
1200 1511 1308 1578 incola

164 1599 303 1685 civisque
334 1597 516 1683 permansit.
579 1597 811 1684 Persequentes
841 1619 918 1662 vero
947 1597 1037 1684 quasi
1067 1599 1155 1684 gravi
1188 1622 1308 1685 sopore,

161 1686 316 1773 depressi,
333 1687 420 1750 cassa
446 1708 540 1749 manu
563 1685 694 1749 domum
716 1708 789 1749 cum
806 1685 992 1750 confusione
1008 1687 1067 1753 suls
1080 1687 1248 1764 redibant3
1270 1703 1306 1752 et

164 1776 240 1863 quid
256 1774 301 1840 eis
316 1773 481 1838 accidisset
495 1796 602 1838 secum
625 1772 817 1838 admirantes
839 1774 1065 1858 obstupebant.
1112 1774 1185 1840 Hoc
1209 1775 1307 1841 mira·

165 1863 272 1928 culum
287 1885 306 1925 a
321 1861 459 1948 quodam
474 1860 630 1925 monacho
653 1875 762 1924 nostro
784 1859 972 1939 audivimus,
1011 1861 1042 1925 ui
1070 1861 1139 1927 haec
1162 1864 1204 1927 ab
1228 1863 1305 1949 ipsis

164 1949 419 2037 persecutoribus
434 1963 468 2014 ct
483 1951 600 2034 ereptis
618 1948 810 2034 pauperibus
832 1947 953 2013 didicit.
989 1885 1060 2012 qVir
1082 1972 1159 2015 vero
1181 1952 1248 2036 ipse
1271 1951 1305 2016 in

163 2040 287 2104 summa
308 2061 385 2123 pace
410 2036 588 2124 perquievit
614 2050 648 2101 et
668 2035 843 2124 tranquillis
857 2036 1053 2122 temporibus
1072 2036 1153 2102 filios
1166 2039 1305 2104 tiliorum

164 2149 295 2192 suorum
311 2124 420 2189 videre
435 2123 620 2211 promeruit.

167 2391 265 2459 CAP.
291 2389 579 2468 CVL-Quomodo
592 2392 642 2454 die
659 2391 804 2473 quddam,
813 2391 914 2454 missa
932 2391 1073 2455 imboatd
1095 2392 1219 2473 empore,
1235 2414 1307 2457 con·

251 2488 337 2541 sueto
360 2479 506 2542 Fratrum
528 2498 651 2541 annona
673 2481 707 2541 in
729 2480 882 2543 Danetmc
902 2481 1024 2542 omnino
1040 2479 1192 2561 defecerit,
1208 2487 1305 2546 staec

253 2568 325 2629 dum
346 2564 440 2627 miss&
462 2565 680 2645 completam
704 2568 854 2630 armona
873 2575 1003 2629 recentes
1022 2566 1251 2631 Sabcderan'as
1272 2572 1306 2632 in

250 2652 563 2735 coquindrepererit5
585 2655 750 2716 arumde
766 2654 865 2718 Beato
887 2655 1049 2719 Cathberto
1069 2657 1226 2736 aequando
1245 2675 1306 2720 mn

251 2743 414 2817 enataret,
429 2741 566 2804 mnnita
579 2741 665 2804 bonis
679 2743 765 2805 solito
777 2738 913 2823 amplia
926 2743 976 2806 die
990 2744 1057 2823 ipm
1075 2743 1306 2808 habundarent.

217 2915 254 2981 ln
269 2927 424 2980 aetemum
439 2927 473 2978 et
495 2913 527 2978 in
549 2915 700 2980 soeculum
723 2915 830 2979 saeculi
854 2928 1018 3000 permanet
1043 2914 1260 2982 misericordia
1274 2930 1308 2983 et

168 3004 347 3089 benignitas
366 3003 458 3067 Beati
478 3002 658 3068 Cuthberti.
714 3002 798 3067 Nam
822 3003 959 3087 longaevi
982 3003 1133 3089 temporis
1156 3003 1308 3070 diuturna

167 3092 330 3157 calamitas
345 3091 414 3190 ejus
431 3090 679 3156 misericordiam
691 3089 874 3176 sepeliendo
889 3091 1084 3156 deteriorare
1099 3114 1163 3155 non
1179 3093 1307 3177 potnit;

168 3203 229 3245 nec
248 3191 463 3265 angustiarum
482 3178 626 3243 desolata
642 3178 773 3243 libertas
798 3177 893 3264 ipsius
919 3178 1148 3264 benignitatem
1168 3202 1308 3269 unquam

169 3266 370 3333 suffodiendo
390 3266 518 3331 abolere
541 3265 717 3352 praevaluit.
775 3265 930 3331 Omnibus
945 3266 1063 3331 etenim
1078 3267 1176 3332 fidem
1191 3267 1308 3354 inipso

166 3356 359 3442 ponentibus
384 3354 629 3419 misericorditer
654 3353 827 3430 subvenit3
860 3353 980 3418 cunctis
1006 3353 1039 3418 in
1062 3356 1131 3440 ejus
1154 3356 1308 3422 servitute

168 3444 333 3530 penuriam
349 3441 544 3528 pacientibus
559 3441 738 3526 benignitas
752 3441 821 3527 ejus
840 3438 903 3507 late
926 3442 1092 3506 succurrit.
1138 3442 1308 3510 Miseratio

76 3566 78 3571 <
169 3531 266 3618 ipsius
281 3530 416 3595 miseriae
431 3529 591 3615 angustias
611 3529 818 3615 propellendo
841 3529 1005 3606 excludit3
1027 3529 1208 3615 benignitas
1230 3555 1308 3598 vero

169 3620 237 3706 ejus
252 3618 482 3704 intempestivae
497 3616 744 3703 importunitatis
758 3617 901 3682 fortunas
923 3617 1148 3702 proeveniendo
1166 3618 1308 3686 suffodit.

171 3707 257 3773 Nam
286 3707 387 3771 latum
416 3705 560 3771 karitatis
590 3705 774 3770 mandatum
805 3707 837 3768 in
870 3704 968 3769 corde
1006 3705 1098 3770 Beati
1134 3706 1308 3773 Cuthberti

170 3795 305 3861 viventis
317 3795 350 3858 in
364 3816 497 3879 corpore
514 3793 627 3879 viguit,
642 3806 676 3858 et
698 3792 812 3858 iccirco
834 3816 908 3857 suos
930 3792 1049 3879 hylaris
1063 3792 1227 3860 affluentia
1241 3819 1310 3861 om·

168 3884 267 3962 nium,
284 3881 479 3947 necessitatis
495 3895 652 3968 tempore,
666 3892 699 3945 et
715 3879 915 3945 desaevientis
931 3881 1087 3966 angustiae
1105 3895 1308 3967 tempestate,

169 3971 313 4038 comitari
328 3993 392 4035 non
407 3969 534 4034 desinit.
583 3969 741 4044 Quotiens
762 3968 910 4032 nimirum
931 3967 1049 4054 largius
1072 3969 1113 4034 de
1128 3970 1220 4034 bonis
1235 3971 1309 4057 ipsis

169 4058 390 4127 distribuendo
413 4070 576 4143 erogatur,
594 4056 712 4123 totiens
737 4055 878 4122 omnium
901 4057 1059 4121 bonorum
1083 4058 1211 4125 ubertas
1235 4083 1309 4124 suos

168 4161 352 4233 erogatores
368 4147 548 4210 comitatur.
594 4145 682 4210 Dum
704 4145 781 4210 verb
804 4158 954 4228 erogator
977 4139 1171 4231 improvidus
1197 4169 1309 4212 manus

170 4258 212 4299 ex
227 4236 399 4300 tenacitate
414 4232 582 4310 contrahit,
600 4235 707 4297 statim
730 4233 822 4318 copia
842 4232 1134 4298 habundantissima
1154 4256 1229 4319 prae·
1243 4258 1311 4301 rna·

170 4322 262 4388 nibus
277 4320 493 4387 distribuentis
509 4320 595 4385 avari
611 4320 768 4386 diminuta
787 4320 912 4406 penitus
935 4320 1054 4385 deficit.
1103 4320 1145 4384 Et
1166 4345 1311 4386 nonnun-

169 4433 264 4496 quam
280 4408 421 4474 omnium
435 4430 633 4475 succrescere
648 4409 787 4475 cernitur
804 4409 961 4474 bonorum
983 4408 1211 4489 habundantia,
1233 4410 1310 4475 dum
