2924 4966
477 366 657 417 nuncin.
683 364 886 427 claranus,
904 366 988 415 avc.
1241 350 1308 425 199

156 526 242 594 Nam
274 528 348 615 ejus
376 551 466 603 curse
495 528 667 607 attinebat,
699 542 733 595 et
764 528 901 615 seprderi
934 529 1089 593 eustmlia·
1128 528 1304 614 diligentia,

152 629 185 681 et
211 616 388 681 oblationis
418 616 602 683 elemosinoe
632 616 782 681 collectio
811 616 991 691 utuectiva,
1020 634 1051 681 et
1084 617 1306 683 nichilominus

154 705 399 791 peregrinorum
413 706 580 791 responsio
594 704 785 770 consultiva.
839 704 991 791 Quisquis
1016 704 1112 787 igitur
1127 704 1206 769 alius
1222 706 1307 771 eirea

153 792 254 857 altare
266 793 429 857 studiosus
444 794 581 871 adesset,
599 792 667 878 ipse
683 814 844 879 uunquam
859 792 971 857 delore
983 793 1157 857 delusisset.
1208 794 1304 859 l'ude

152 880 325 945 sollicicior
346 880 488 947 existere
516 882 630 947 debuit
660 878 727 967 qui)
758 880 937 964 vigilantius
967 882 1008 945 ad
1035 884 1103 966 ejus
1127 882 1304 946 custodiam

153 968 258 1033 omnis
272 990 352 1033 cura
365 968 523 1033 incubuit.
570 972 654 1035 Cum
669 968 799 1033 demum
822 968 874 1033 die
899 968 1035 1053 quidam
1053 970 1232 1055 t'requeutia
1249 994 1305 1053 po-

154 1056 218 1142 puli
242 1078 309 1121 non
335 1056 474 1135 adesset,
495 1072 528 1123 et
546 1056 682 1122 fratrum
701 1071 802 1121 cretius
818 1056 896 1119 honi
915 1056 1089 1121 ureridiumi
1112 1058 1302 1143 ‹psius-reret,

154 1143 233 1210 vidit
249 1158 319 1209 snae
330 1144 488 1210 voluntati
505 1144 687 1210 libertatem
701 1145 883 1228 subpetere,
900 1158 933 1207 et
949 1144 1083 1209 aliorum
1099 1145 1304 1209 solitudinem

152 1232 212 1298 sibi
227 1232 388 1297 libertatis
414 1232 538 1297 aditum
562 1232 699 1319 aperire.
746 1232 799 1295 De
826 1253 966 1317 paupere
991 1232 1088 1317 igitur
1113 1232 1304 1297 servitorum

153 1320 333 1385 refectione
353 1320 505 1399 redierat,
521 1336 566 1399 et,
583 1344 648 1385 non
665 1320 738 1383 lotis
758 1320 915 1397 manibus,
932 1320 973 1383 ad
988 1320 1096 1384 altaris
1111 1322 1304 1385 sacrosancti

153 1408 348 1487 sanctuaria,
375 1407 600 1475 festinantibus
626 1408 669 1472 ad
695 1408 829 1472 lectulos
852 1406 1070 1483 servitoribus,
1096 1409 1304 1494 procedebat.

157 1496 292 1563 intuens
322 1496 422 1583 igitur
450 1496 577 1561 thecam
607 1496 692 1561 illam
722 1494 848 1580 saepiirs,
871 1508 904 1559 et
927 1494 1090 1559 sollicitius
1120 1496 1304 1582 respiciens,

153 1606 252 1671 quarn
268 1584 317 1649 fre
340 1598 455 1650 uenter
478 1586 644 1650 oculorum
667 1584 753 1648 acies
776 1582 918 1661 divertit,
935 1606 975 1647 eo
1002 1584 1090 1669 ‹pmd
1114 1584 1303 1648 ardentioris

153 1672 251 1737 animi
267 1606 411 1737 studium
422 1695 497 1737 eum
509 1672 550 1737 ad
566 1672 662 1759 ipsius
679 1671 909 1757 inspectionem
920 1672 1077 1735 accendit.
1127 1671 1212 1735 Vicit
1225 1696 1304 1756 ergo

153 1760 324 1825 arbitrium
337 1758 469 1825 rationis
484 1775 581 1825 oestus
592 1760 727 1823 curiosae
737 1758 906 1844 cupidinis,
919 1759 995 1845 quia
1003 1759 1194 1823 curiositatis
1203 1752 1304 1825 libido

154 1846 200 1913 ita
213 1848 358 1913 animum
372 1860 531 1913 aestuante
546 1847 695 1934 cupidine
710 1847 911 1923 edomuerat,
928 1847 1016 1967 guod
1030 1846 1165 1911 sroeruun
1181 1863 1304 1933 tempe·

154 1936 269 2001 rantiae
284 1936 457 2001 voluntatis
472 1937 609 2022 impetus
623 1957 689 1999 non
703 1935 855 1999 habebat.
915 1935 1012 1999 Lude
1027 1935 1068 1998 ad
1081 1935 1206 1999 thecam
1222 1957 1305 2019 pne-

155 2022 233 2089 dicti
248 2023 350 2089 libelli
364 2024 533 2102 accedens,
550 2024 591 2089 de
607 2024 680 2087 loco
695 2046 754 2087 suo
776 2046 848 2087 eam
870 2022 1008 2099 sustulit,
1025 2036 1058 2085 et
1081 2024 1302 2109 prrmcriptum

155 2112 300 2177 libellum
313 2112 357 2176 de
377 2111 490 2177 loculis
511 2110 728 2198 operientibus
751 2111 964 2174 irreverenter
986 2110 1110 2174 eduxit.
1174 2111 1303 2198 Quippe

155 2222 215 2265 nec
229 2222 355 2279 manus,
371 2200 518 2265 ciborum
538 2198 672 2286 fuligine
695 2198 867 2275 obsoletas,
886 2198 1110 2283 purgatoribns
1176 2200 1223 2263 uis
1247 2202 1304 2265 ob-

155 2286 307 2367 duxerat,
331 2310 391 2353 nec
414 2310 525 2353 sensus
549 2286 661 2353 debito
687 2286 888 2350 abstinentiae
909 2287 1035 2370 jejunio
1061 2222 1302 2367 cumidiaverat,

155 2376 212 2441 sed
228 2399 249 2440 n
292 2399 335 2441 ue
349 2375 545 2441 indumentis
560 2375 796 2451 sacratioribus,
813 2374 854 2437 de
869 2396 959 2437 more
979 2388 1144 2453 consueto,
1162 2400 1196 2442 se
1212 2378 1305 2442 iudu-

156 2460 217 2529 isse
233 2400 375 2529 vbiebat.
434 2462 533 2528 Liber
548 2462 678 2551 quidem
694 2463 753 2526 iste
776 2485 849 2526 raro
864 2463 905 2526 ab
928 2462 1035 2548 aliquo
1058 2463 1212 2530 adorante
1228 2489 1304 2529 con·

156 2564 325 2630 tractatur,
352 2550 550 2637 contingitur
575 2551 626 2616 vel
647 2550 816 2627 evolvitur,
837 2548 897 2612 nisi
916 2550 1106 2616 adoraturus
1126 2556 1306 2618 sanctuaria

154 2638 350 2727 hujusmodi,
367 2640 456 2726 priris
470 2640 638 2704 mundiciis
660 2639 857 2724 purificetur.
906 2638 989 2712 Qum
1016 2640 1122 2704 ‹sttruia
1137 2640 1189 2705 ille
1205 2641 1305 2725 negli-

154 2740 272 2813 genter
295 2727 458 2805 omiserat,
474 2725 516 2791 eb
533 2728 622 2816 quod
645 2725 836 2791 curiositatis
859 2726 993 2790 audacia
1018 2728 1188 2793 rationales
1207 2729 1304 2814 ipsius

155 2814 257 2881 animi
280 2814 364 2880 vires
390 2828 608 2901 soporaverat.
655 2814 742 2879 Nam
767 2813 934 2877 audaciam
963 2816 1088 2899 peperit
1112 2816 1305 2880 curiositatis

155 2902 338 2983 insolentia,
369 2904 502 2968 incuriae
530 2902 668 2989 ignavia,
693 2900 829 2987 torporis
860 2902 1075 2986 negligentia:
1108 2904 1306 2987 negligentia

155 3014 237 3057 vero
247 3004 474 3077 procreaverat
488 2989 816 3078 impraerneditatiouis
828 2988 1072 3053 inconstantiam
1085 3004 1117 3054 et
1130 3014 1306 3075 praesump-

156 3078 253 3145 tionis
276 3079 413 3144 ruinam.
467 3078 595 3166 Nempe
618 3077 754 3143 audacia
782 3100 824 3141 ex
854 3078 1037 3141 curiositate
1063 3078 1168 3141 cordis
1192 3101 1305 3142 serena

156 3166 413 3245 obnubilaverat,
425 3178 459 3231 et
468 3166 567 3231 bilem
575 3166 683 3231 livoris
693 3165 881 3229 exacuendo
893 3165 1106 3230 excitaverat:
1123 3165 1245 3229 incuria
1254 3190 1305 3229 sn·

155 3254 255 3341 binde
265 3254 477 3341 cogitationes
492 3254 639 3319 discretae
649 3252 780 3318 rationis
793 3276 834 3317 ex
850 3252 1045 3337 negligentia
1061 3253 1303 3337 praefocaverat,

156 3356 192 3409 et
204 3342 331 3407 virtutis
340 3342 425 3407 viam
434 3365 476 3407 ex
485 3356 615 3427 torpore
626 3341 808 3406 obsederat.
833 3339 1049 3405 Inconstantia
1061 3340 1306 3425 prmrneditaudi

157 3454 285 3516 gressus
296 3430 538 3495 administrabat
550 3429 767 3494 irreverentiae
777 3430 819 3492 ad
829 3441 918 3491 tanta
930 3428 1109 3491 sanctuaria
1120 3429 1307 3514 contingen-

157 3518 203 3583 di.
251 3518 321 3585 Ubi
343 3518 437 3583 ruina
461 3520 631 3583 subsecuta
654 3530 702 3581 est
728 3516 888 3581 temerarii
915 3515 1040 3593 erroris,
1059 3531 1092 3579 et
1116 3516 1157 3580 de
1180 3518 1307 3601 piaculo

158 3606 415 3709 praesumptionis
435 3606 541 3692 erupit
564 3606 689 3670 curiosa
715 3604 895 3689 exploratio
918 3604 1190 3669 contrectationis.
1242 3608 1307 3670 Cor

159 3695 257 3781 igitur
285 3696 462 3759 excaecatio
491 3694 621 3758 incuriae
651 3692 821 3757 animando
851 3692 1077 3769 obduraverat,
1106 3692 1306 3757 discretionis

158 3782 244 3847 acies
257 3782 456 3868 negligentia
469 3781 668 3846 immutando
690 3794 901 3865 praevenerat.
964 3779 1016 3842 ttx
1041 3779 1308 3845 inconsiderantia

181 3870 442 3935 roenreditationis
456 3883 656 3956 processerat
667 3869 708 3933 ad
719 3868 932 3931 irreverentes
944 3881 1108 3931 contactus
1120 3868 1307 3934 sanctitatis.

159 3892 235 4023 idac
249 3958 379 4044 impune
393 3958 463 4021 boec
479 3957 586 4021 omnia
600 3958 669 4043 ejus
688 3958 829 4020 animum
851 3953 1139 4039 praecipitaverant,
1157 3978 1197 4019 eo
1219 3957 1307 4043 quod

159 4058 234 4131 post
259 4046 392 4110 modurn
416 4046 487 4109 haec
517 4062 632 4109 cuncta
649 4044 771 4107 ultione
787 4042 888 4126 digna
910 4040 1110 4125 deplorabat.
1159 4043 1307 4108 Educens

160 4156 241 4219 ergo
254 4134 372 4199 librum
387 4134 427 4198 de
444 4134 546 4199 tribus
558 4132 641 4218 peris
653 4155 696 4196 ex
707 4132 791 4216 pelle
805 4128 964 4192 rubricatis
983 4128 1146 4206 conlectis,
1164 4131 1306 4210 tandem,

160 4220 244 4286 l'oliis
259 4221 390 4305 singulis
405 4220 489 4285 iuter
503 4220 619 4284 inlotos
631 4219 752 4303 digitos
768 4218 984 4291 contrectatis
1002 4238 1097 4279 rrremu
1119 4218 1308 4301 explorante

160 4309 292 4389 evolvit,
309 4309 403 4374 oculo
418 4307 571 4374 curiosius
593 4307 766 4390 indagante
789 4302 937 4378 exsolvit,
954 4326 1010 4366 ove
1034 4304 1162 4386 legente
1186 4308 1310 4392 singula

151 4410 299 4487 'quaeque
328 4420 349 4463 a
373 4398 437 4462 linc
469 4418 567 4483 usque
597 4395 629 4459 in
658 4396 756 4459 linem
779 4390 1008 4477 perscrutando
1035 4393 1188 4457 excurrit.
1248 4396 1309 4459 Siti
