2924 4966
154 368 229 436 ι208
511 380 728 431 reseruntur
757 380 941 431 nossem

154 546 313 634 suppliciis
337 567 443 610 meam
462 544 617 610 debuistis
640 544 858 609 innocentiam
878 545 1052 632 affligendo
1067 549 1210 633 punire.”
1251 552 1283 614 At

154 636 197 701 illi
215 657 292 699 mox
310 634 352 698 ad
375 633 540 697 dominum
562 656 655 696 suum
678 633 879 718 confugiunt,
896 648 930 698 et
945 649 1061 699 cuncta
1075 635 1106 700 ci
1126 661 1169 701 ex
1192 639 1286 703 ordine

154 725 369 788 detexerunt:
402 735 435 785 et
454 736 600 786 catenam
623 720 794 785 contritam
810 744 869 806 pro
891 722 1076 789 testimonio
1091 725 1248 805 deferunt,
1262 739 1288 792 et

155 812 186 876 in
213 810 383 896 praesentid
406 808 503 873 etiam
538 807 676 874 Osberni
708 809 911 874 Vicecomitis
938 811 1045 876 omnia
1071 817 1290 880 contestinum.

160 899 259 963 Unde
274 898 360 961 idem
380 896 544 961 Osbernus
560 918 635 960 eum
649 897 765 961 meriti)
781 897 1011 962 absolvendum
1022 901 1195 985 judicavit,
1208 927 1292 991 quem

160 986 252 1051 Beati
272 983 443 1051 Cuthberti
454 983 671 1049 misericordia
686 999 750 1049 tam
763 998 915 1071 potenter
926 986 1054 1072 eripuit.
1090 989 1294 1076 Cessitigitur

159 1073 328 1150 Radulsus,
346 1087 379 1137 et
399 1088 528 1136 catenas
549 1095 670 1151 omnes,
691 1071 806 1160 quibus
826 1074 1028 1160 compeditus
1045 1075 1165 1155 fuerat,
1183 1079 1250 1164 ejus
1267 1079 1296 1143 iu

156 1161 252 1226 dorso
268 1162 471 1246 humerisque
487 1160 677 1246 composuit,
695 1176 729 1224 et
748 1161 851 1226 Beato
873 1163 1056 1227 Cuthberto
1072 1164 1116 1228 ud
1130 1167 1297 1252 ereptionis

156 1272 223 1313 suae
238 1248 424 1312 admirabile
438 1248 656 1312 testimonium
668 1248 853 1334 consignare
865 1250 1031 1336 praecepit.
1066 1251 1133 1326 Qui
1149 1254 1193 1318 ad
1212 1255 1298 1319 Beati

159 1336 330 1402 Cutlrberti
354 1336 535 1421 sepulcrum
556 1339 695 1414 veniens,
715 1336 892 1401 ineffabiles
915 1339 1026 1403 landes
1046 1339 1106 1424 ipsi
1125 1343 1249 1421 retulit,
1268 1357 1298 1408 et

155 1439 264 1510 grates
280 1424 462 1509 magnificas
478 1425 523 1489 illi
538 1425 738 1510 gratulanter
757 1425 905 1489 exsolvit.
954 1426 1071 1514 Sicque
1087 1428 1171 1493 liber
1186 1431 1229 1494 ad
1247 1454 1300 1496 sua

155 1512 261 1590 rediit,
278 1513 368 1598 cujus
381 1512 596 1578 innocentiam
612 1513 730 1578 Beatus
746 1513 944 1578 Cuthbertus
959 1515 1140 1581 admirabili
1156 1521 1300 1603 potentii

155 1601 315 1665 liberavit.
363 1601 436 1665 Hoc
452 1601 594 1665 miraculi
610 1624 689 1687 opus
701 1601 808 1664 multis
825 1601 1089 1666 Dunelmensium
1099 1607 1300 1672 notissimum

156 1701 216 1766 est,
233 1690 322 1773 cujus
338 1703 476 1753 assertor
492 1690 640 1753 indubius
663 1704 833 1776 custosque
849 1691 957 1774 ipsius,
977 1690 1146 1771 Radnlfus,
1164 1694 1199 1757 in
1214 1696 1300 1780 cujus

157 1799 254 1841 manu
270 1777 339 1841 lraec
354 1791 446 1862 gesta
460 1791 544 1855 sunt,
562 1777 687 1864 aliaque
710 1778 805 1842 turba
823 1779 967 1865 utriusqe
986 1780 1181 1845 conditionis
1200 1782 1299 1847 homi-

156 1888 245 1943 num,
257 1889 330 1953 quae
340 1866 444 1930 adhuc
461 1879 619 1950 superstes
635 1879 694 1943 est,
712 1866 803 1928 nobis
818 1866 928 1930 retulit
939 1890 948 1944 3
958 1879 991 1930 et
1007 1868 1040 1930 in
1056 1870 1195 1934 veritate
1210 1885 1300 1955 gesta

156 1953 252 2017 fuisse
268 1977 363 2040 qnam
379 1954 487 2018 multis
504 1955 758 2017 testimoniorum
774 1953 897 2016 iudiciis
917 1956 1150 2040 comprobavit.
1205 1958 1300 2024 Unde

156 2041 351 2105 advertimus
366 2041 453 2128 quod
470 2044 602 2105 virtutes
623 2041 714 2105 Beati
740 2041 911 2106 Cutlrberti
933 2042 1044 2127 lingua
1065 2066 1217 2110 enarrare
1238 2069 1299 2111 non

156 2129 285 2208 sufficit,
303 2153 375 2216 quae
391 2153 451 2194 uec
468 2153 557 2194 meus
572 2130 712 2194 humana
727 2129 836 2216 aliquo
851 2131 988 2215 vestigio
1003 2133 1265 2217 comprehendit.

157 2394 257 2459 CAP.
282 2393 397 2458 XCIV
395 2396 608 2473 .-Qumuodo
631 2395 778 2476 paschali
799 2403 929 2476 tempore
949 2397 1077 2478 quidam
1093 2402 1248 2478 poenitm
1260 2401 1303 2463 ad

246 2482 395 2546 Tumbam
417 2483 524 2546 Sancti
540 2484 695 2546 Cutltberti
719 2484 874 2545 absolutus
897 2485 939 2546 sit
952 2505 974 2547 a
983 2485 1089 2565 ferrei
1109 2489 1208 2551 nex&
1221 2488 1301 2569 lipa-

241 2573 330 2646 mine,
347 2581 376 2634 et
389 2573 519 2633 denotem
533 2572 639 2651 optatd
653 2572 764 2634 salutis
778 2571 925 2633 libertate.

202 2745 311 2830 Opera
325 2767 421 2831 quam
443 2744 562 2809 Beatus
580 2744 777 2810 Cuthbertus
796 2743 828 2807 in
843 2744 1029 2809 miserorum
1046 2745 1299 2813 absolutionibus

154 2833 261 2911 efficit,
286 2833 327 2897 de
350 2832 474 2897 interni
497 2833 594 2919 ipsius
614 2833 732 2897 virtute
752 2832 969 2896 testimonium
987 2833 1114 2910 reddit3
1133 2857 1195 2899 nec
1219 2860 1299 2923 opus

154 2934 203 2985 est
222 2922 263 2986 de
279 2920 404 2985 virtutis
426 2920 522 3006 ipsius
546 2921 691 3006 potentii.
713 2933 812 2985 testes
835 2921 1007 2999 adducere,
1032 2944 1105 2985 cum
1120 2921 1250 3007 singuli,
1266 2923 1298 2988 in

155 3009 293 3095 propriae
309 3008 514 3073 conscientiae
528 3008 673 3086 miseriis,
685 3009 781 3095 ipsius
797 3008 866 3094 opis
881 3008 1130 3073 misericordiam
1141 3011 1299 3095 possimus

155 3097 326 3162 efficaciter
337 3096 500 3181 indagare.
533 3095 660 3182 Nempe
675 3097 745 3182 plus
757 3097 953 3182 singulorum
965 3097 1160 3162 conscientia
1174 3115 1300 3165 secreta

154 3186 245 3249 nobis
276 3198 382 3270 potest
412 3186 623 3249 contestando
646 3184 796 3262 indicere,
824 3208 919 3272 qnam
942 3187 1114 3250 verborum
1134 3186 1300 3253 affluentia

151 3273 252 3356 possit
262 3273 468 3361 exsequendo
480 3274 694 3357 complanare.
728 3272 793 3336 Sed
808 3273 883 3359 quia
897 3272 1162 3351 conscientiarum
1174 3289 1298 3341 secretu

154 3359 350 3445 singulorum
372 3361 516 3425 contueri
539 3384 605 3425 non
627 3383 804 3448 possumus,
827 3361 868 3424 ad
883 3384 980 3446 opera
995 3360 1208 3447 praemirifica
1225 3387 1297 3452 quae

155 3448 295 3513 exterius
311 3449 380 3514 fieri
402 3449 571 3527 cernimus,
589 3447 766 3514 enarranda
789 3449 1008 3533 procedamus.
1055 3448 1127 3513 Nec
1147 3450 1210 3515 erit
1228 3451 1296 3517 sine

154 3537 269 3601 merito
288 3538 333 3601 eis
356 3536 509 3602 adhibere
532 3536 742 3602 obaudiendis
766 3535 916 3615 animum,
933 3536 1096 3624 inquibus
1119 3539 1296 3623 poterimus

152 3624 263 3688 multae
287 3625 512 3689 consolationis
535 3625 676 3711 reperire
699 3624 884 3689 subsidium.
934 3625 1031 3690 Unde
1052 3624 1135 3689 adeo
1157 3625 1296 3693 libenter

152 3711 200 3774 bis
217 3713 371 3777 debemus
387 3712 580 3778 obedientiae
596 3737 688 3778 aures
704 3713 875 3790 adducere,
893 3713 975 3778 sicut
998 3713 1094 3799 ipsius
1115 3714 1295 3780 clementias

152 3801 306 3866 auxilium
322 3802 513 3866 voluerimus
536 3801 732 3866 necessitatis
748 3816 892 3887 tempore
915 3800 1185 3886 promptissimum
1209 3802 1296 3868 inve·

152 3888 231 3953 nire.
280 3889 375 3967 Quia,
401 3889 426 3951 si
453 3888 486 3953 in
512 3889 688 3976 peregrinis
715 3902 749 3953 et
774 3888 906 3953 remotis
933 3888 1110 3953 invenimus
1136 3904 1295 3977 promptae

151 3978 376 4042 consolationis
391 3979 556 4055 auxilium,
573 3992 694 4065 quanto
709 3979 810 4062 magis
832 3978 865 4040 in
880 3978 974 4042 nobis
996 3978 1192 4061 reperiemus
1207 3978 1297 4044 festi-

151 4067 303 4129 nantioris
319 4065 430 4130 auxilii
452 4067 665 4151 refrigerium.
714 4065 789 4139 Qus
805 4067 924 4129 etenim
944 4066 1004 4150 ipsi
1020 4063 1152 4129 viciniis
1167 4089 1211 4130 ex
1227 4089 1297 4131 cor-

150 4155 235 4235 poris
251 4154 403 4218 affinitate
425 4155 657 4241 conjungimur,
675 4154 715 4219 eb
737 4155 834 4239 ipsius
857 4155 969 4238 gratiae
984 4153 1143 4217 beneficio
1158 4152 1295 4241 amplius

151 4262 193 4302 ex
209 4243 371 4306 vicinitate
387 4245 616 4308 connectimur.
666 4242 709 4306 Et
724 4241 750 4304 si
765 4242 896 4306 advenis
912 4242 944 4304 in
964 4241 1183 4306 subveniendo
1199 4244 1296 4307 mise·

151 4339 250 4406 retur,
275 4331 438 4416 quomodo
468 4331 651 4395 domesticis
681 4329 753 4393 filiis
783 4330 910 4415 pietatis
943 4352 1009 4394 suae
1035 4327 1201 4395 affluentia
1230 4352 1296 4394 non

151 4419 376 4502 compaciatur.
426 4418 521 4486 Certe
531 4419 628 4482 fontis
640 4417 760 4482 rivulus
775 4416 863 4502 priirs
879 4428 911 4481 et
923 4415 1016 4481 citilrs
1032 4418 1295 4503 approximantes
