2924 4966
151 354 199 425 8⁴2
510 368 724 423 urcissini
753 368 945 421 uousciii

153 537 325 625 peroravit.
373 536 532 603 Omnibus
558 536 676 601 deiude
698 532 819 599 celebri
842 532 1026 599 ministerio
1050 534 1210 621 expletis,
1235 534 1324 601 videt'

154 628 281 697 iterum,
298 648 379 711 quos
403 626 501 709 prius,
523 624 697 709 Episcopus
719 644 777 709 per
798 624 989 707 pavimenta
1006 622 1164 689 ecclesioe
1183 622 1227 688 de
1248 638 1321 712 post

154 714 262 779 altaris
273 712 427 778 ulteriora
441 712 632 799 procedere3
644 732 779 799 quorum
795 732 966 795 processus
981 732 1203 813 prosequens,
1214 710 1320 777 subito

154 802 214 865 sibi
226 800 439 885 deprehendit
451 801 577 865 illorum
592 798 756 887 ymagines
767 797 944 883 disparere.
993 796 1090 873 Quos
1101 798 1178 865 illos
1194 812 1319 865 sanctos

163 890 333 953 l'uittiliccs
351 888 447 952 luisse
462 912 527 953 iioii
547 888 747 973 ambigimus,
765 908 905 997 (luorum
924 886 1086 973 pinguem
1103 887 1320 953 sacratissima

157 978 189 1042 iu
211 976 422 1041 lbinelmeusi
448 976 591 1041 Ecclesia
611 976 787 1041 honorifice
808 996 1058 1051 conservamus3
1077 974 1258 1055 Aidanum,
1274 975 1319 1040 vi-

158 1064 297 1138 delicet3
329 1063 566 1141 Cutbbertum;
599 1063 818 1139 Eadbertum3
849 1076 884 1127 et
914 1060 1188 1127 AEdelwoldum.¹
1212 1086 1217 1091 ·
1237 1062 1316 1139 Quis

158 1176 237 1217 vero
252 1151 379 1215 illorum
394 1151 555 1215 dominica
568 1174 659 1217 sacra
673 1150 858 1229 confecerit,
874 1150 962 1215 solus
977 1149 1126 1215 omnium
1143 1150 1314 1231 Dominus,

159 1243 303 1304 iiiteriius
327 1238 458 1316 arbiter,
484 1239 583 1304 novit.
633 1239 664 1305 Ο
688 1262 784 1326 quam
807 1237 955 1323 gloriosis
977 1238 1156 1305 virtutibus
1184 1239 1317 1305 ecclesia

159 1341 360 1413 perornatur,
373 1350 447 1413 quae
462 1341 624 1391 tantorum
643 1327 776 1391 Patrum
794 1326 961 1412 possideris
980 1326 1128 1412 pignera,
1147 1350 1171 1393 a
1188 1328 1315 1395 Christo

160 1416 237 1479 lesu
257 1414 398 1478 Doiiiiiio
414 1430 480 1478 tam
494 1416 661 1479 siilliniiter
676 1414 870 1479 honoratur!
908 1413 987 1479 Non
1002 1413 1091 1479 enim
1105 1430 1158 1481 est
1173 1416 1222 1481 eia
1236 1414 1315 1481 diffi-

160 1503 221 1566 cile
251 1502 388 1587 plurima
413 1502 589 1568 caelestium
615 1503 769 1567 virtutum
795 1500 983 1588 operamina
1007 1516 1213 1589 perpetrare,
1237 1526 1314 1607 quos

161 1603 287 1654 constat
302 1590 334 1653 in
349 1590 451 1675 gloria
462 1614 609 1677 superuae
624 1591 761 1656 civitatis
776 1590 907 1675 Angelis
922 1590 1107 1678 coaequales
1116 1606 1152 1657 et
1168 1614 1314 1657 concives

161 1679 370 1764 seuipitcmos
393 1678 544 1744 existere.
592 1679 784 1780 Perquirens
806 1678 904 1743 etiam
930 1678 1045 1743 Frater
1057 1678 1116 1745 ille
1134 1701 1157 1745 a
1198 1681 1314 1746 nodam

161 1788 274 1829 corum
289 1766 417 1843 comite,
429 1767 483 1867 qui
498 1770 558 1832 sub
573 1769 635 1832 boc
644 1767 774 1831 visionis
790 1781 934 1852 tempore
950 1789 1060 1831 coram
1074 1765 1133 1832 illo
1143 1768 1179 1833 vi
1222 1770 1315 1833 batur

161 1856 365 1939 pertransire,
383 1854 494 1919 didicit
509 1858 550 1920 ab
566 1879 606 1921 eo
619 1855 692 1920 illos
703 1855 788 1941 ipsos
803 1877 908 1919 sacros
924 1854 1115 1941 Episcopus,
1131 1879 1217 1943 quos
1235 1879 1315 1944 prie-

161 1941 405 2019 nominavimus,
422 1943 594 2009 exstitisse.
642 1943 741 2008 Plura
755 1966 832 2008 vero
847 1944 888 2007 ab
902 1965 944 2007 eo
958 1944 1165 2043 percunctari
1179 1968 1248 2011 non
1261 1968 1315 2011 aii·

162 2030 272 2109 debat,
288 2030 363 2118 quia
381 2032 450 2115 jam
465 2055 574 2096 secum
595 2031 734 2096 advertit
753 2031 785 2095 id
808 2054 877 2096 esse
891 2030 1058 2116 spirituale
1073 2032 1164 2119 quod
1179 2032 1315 2099 viderat.

167 2118 211 2181 At
226 2130 344 2195 tamen,
358 2131 395 2182 ut
410 2119 501 2183 nobis
517 2119 662 2197 asseruit,
680 2121 713 2183 in
732 2119 850 2185 exstasi
869 2142 975 2206 neque
999 2118 1032 2183 in
1047 2142 1187 2187 excessu
1201 2120 1315 2189 mentis

163 2207 293 2271 omnino
309 2229 374 2269 nori
397 2207 532 2285 exstitit,
549 2208 624 2296 quia
648 2208 709 2272 ista
734 2207 879 2294 pervigil,
896 2207 992 2271 oculo
1014 2230 1175 2295 corporeo
1199 2222 1236 2275 et
1258 2210 1316 2275 suli

163 2293 252 2358 nullo
278 2295 448 2380 oenigmate
476 2295 569 2373 vidit;
594 2319 689 2361 voces
714 2308 896 2361 sanctorum
927 2294 1127 2362 Pontificum
1151 2296 1316 2387 aliquanto

164 2382 329 2463 grossioris
348 2382 493 2449 hanelitu
508 2384 636 2470 spiritiis
651 2384 875 2469 personabant,
892 2396 925 2447 et
941 2385 1062 2464 omnia,
1078 2408 1155 2475 quse
1169 2386 1317 2453 concine-

164 2472 254 2549 bant,
271 2470 485 2537 moderatiore
498 2472 666 2537 cantilena)
682 2472 794 2558 spiritu
809 2471 1029 2537 modulabant.

167 2737 264 2803 CAP·
288 2737 552 2803 XXXIX—De
572 2741 683 2802 uexdlo
704 2738 811 2803 Sancti
827 2740 991 2815 Cutliberti,
1006 2741 1060 2803 cui
1071 2740 1219 2804 mma
1233 2742 1319 2823 sym

253 2846 313 2890 iton
322 2835 495 2907 potuerant,
511 2830 566 2891 sed
578 2849 632 2890 uec
645 2830 727 2890 illud
738 2829 889 2891 exurendo
902 2828 1011 2889 dedere
1019 2828 1262 2908 premonebant.

215 3001 303 3064 liiter
325 3000 388 3065 alia
410 3000 545 3065 diversae
567 3001 706 3065 sortuiiae
730 3024 816 3065 saeva
838 3000 1029 3078 discrimina,
1041 3000 1181 3087 contigit
1203 3002 1318 3067 urbem

169 3089 420 3153 Dunelmensem
435 3089 550 3174 saepius
566 3089 779 3153 intolerabilia
793 3089 948 3153 sustinere
970 3088 1191 3173 periculorum
1210 3088 1320 3157 incen-

167 3179 231 3241 dia.
281 3177 405 3251 Quibus
417 3177 581 3241 infortunii
594 3176 802 3261 temporibus,
816 3199 941 3263 semper
959 3176 1087 3242 Fratres
1103 3177 1263 3243 Ecclesioe
1277 3178 1319 3243 ad

166 3266 269 3329 solitae
281 3266 487 3351 protectionis
500 3289 589 3329 arma
603 3264 803 3349 confugiunt,
818 3281 850 3329 et
867 3264 959 3329 Beati
977 3264 1150 3329 Cuthberti
1165 3265 1319 3353 reliquias

167 3354 318 3417 adversus
341 3355 483 3418 furentes
510 3353 630 3437 ignium
657 3352 792 3416 torridus
815 3354 900 3418 faces
924 3353 1110 3439 frequenter
1135 3366 1319 3439 exponunt.

172 3442 238 3506 Ubi
255 3443 440 3528 frequenter
455 3442 590 3506 vidimus
606 3453 718 3505 contra
733 3464 843 3505 carum
858 3442 1032 3505 adventum
1046 3464 1179 3506 voraces
1194 3442 1319 3527 ignium

168 3531 280 3615 globos
296 3531 432 3614 gradum
447 3532 569 3607 sistere,
587 3528 848 3614 appropiantibus
867 3530 939 3593 loco
958 3529 1099 3608 cessisse,
1117 3529 1201 3608 loca,
1216 3544 1316 3609 tecta,

168 3642 225 3682 seu
255 3618 425 3696 domicilia,
454 3642 527 3706 quae
556 3618 810 3703 perlustrassent,
842 3617 975 3681 ulterius
1012 3639 1078 3682 non
1115 3616 1318 3703 contingere..

172 3707 281 3784 Unde,
299 3707 404 3793 aliqua
422 3708 502 3785 vice,
520 3707 647 3770 flamma
672 3704 819 3771 Civitatis
839 3705 957 3769 moenia
977 3705 1165 3783 devorante,
1181 3704 1320 3791 contigit

168 3808 205 3857 ut
223 3795 362 3872 Fratres,
380 3795 421 3859 ad
440 3818 550 3859 earum
565 3808 698 3858 conatus
714 3793 941 3879 infringendos,
958 3792 1050 3857 citius
1066 3792 1267 3871 advolarent,
1284 3806 1320 3859 et

171 3882 314 3946 Thecam
331 3905 403 3945 cum
419 3882 603 3947 sanctuariis
623 3881 771 3947 ecclesiae
793 3881 936 3967 pluribus
959 3881 1014 3945 illo
1036 3903 1146 3945 secum
1167 3881 1320 3967 deporta

168 3982 252 4032 rent.
299 3968 426 4054 Nempe
443 3983 477 4035 et
497 3970 522 4034 si
542 3969 593 4034 alii
614 3967 743 4046 lanceis,
760 3969 857 4033 scutis
876 3992 913 4032 ac
932 3968 1095 4034 securibus
1112 3991 1245 4035 voraces
1259 3966 1320 4031 im-

168 4067 262 4123 oetus
281 4056 503 4137 infraenabant,
515 4060 566 4121 isti
582 4071 699 4133 tamen,
716 4057 897 4122 orationum
915 4056 1100 4134 munimine,
1112 4054 1320 4122 sacerdotalis

182 4143 280 4208 nands
303 4143 432 4227 profusa
445 4146 679 4223 benedictione,
697 4167 733 4207 ac
749 4159 930 4209 sanctorum
954 4144 1123 4230 pignerum
1145 4144 1321 4209 obumbra·

188 4228 266 4307 iine,
283 4230 410 4294 illorum
425 4231 560 4297 insanias
576 4233 667 4311 citius
683 4255 720 4296 ac
739 4232 840 4297 levius
856 4232 1060 4297 cohibebant.
1104 4232 1189 4327 Jarii,
1206 4232 1317 4319 igitur,

206 4367 297 4417 lFour
320 4367 430 4435 Blsbops
452 4370 482 4421 of
508 4370 678 4420 lindisfarne.
713 4370 805 4427 didas,
829 4372 973 4422 tiss-652.
1008 4370 1146 4429 Cutbbcrt,
1169 4370 1316 4421 sas-uta.

170 4432 294 4500 Etdbcrt,
306 4438 449 4488 688-689.
485 4436 639 4499 Etliclwold,
652 4440 795 4496 ter-tm.
