2924 4966
240 381 310 447 130
593 384 809 437 nsorsamn
838 386 1030 435 nossem

238 576 332 620 nova·
356 550 484 615 virtutis
504 548 716 613 admiratione
738 546 806 611 duo
823 546 976 633 quoedam
998 548 1202 631 praeclarius
1216 548 1387 613 eminebant.

243 642 398 715 Primum,
421 636 510 725 quod
539 638 630 720 panis
659 636 713 699 illc
742 633 942 699 admirabilis
971 648 1008 697 et
1039 634 1241 701 lucidissimi
1269 632 1389 731 candoris

240 726 402 813 apparuit,
432 724 487 811 qni
520 724 608 807 prius
641 722 758 785 nullius
786 718 917 805 penitirs
946 720 1166 805 purgationis
1196 722 1346 787 industria
1367 740 1391 781 n

242 812 332 897 grani
356 811 471 875 tritnrd
492 810 545 873 vel
566 808 678 873 farinoe
700 806 835 871 mollitie
856 806 1094 891 purgatissima
1115 808 1250 873 habuit.
1296 808 1393 871 Secun-

242 900 287 963 di)
302 898 392 976 verb,
409 896 497 983 quod
518 895 720 995 gustantibus
739 892 916 959 omnimodi
938 896 1068 979 saporis
1093 894 1285 973 exstiterat,
1301 906 1332 959 et
1349 913 1394 989 pm
1458 963 1460 969 ,

243 983 382 1071 cujusvis
397 982 558 1046 desiderio
573 981 767 1045 diversitatis
781 980 981 1065 gustantium
995 980 1154 1065 sapiebat
1177 984 1302 1069 palato.
1343 980 1395 1045 uu

244 1072 307 1136 tria
317 1071 484 1153 scripturae
499 1067 792 1156 antiquamiracula
802 1066 958 1130 innovata
968 1082 1220 1147 memorantur,
1253 1092 1304 1133 uae
1314 1066 1396 1131 tribu

247 1156 464 1222 consimilibus
473 1154 889 1241 adoequatacomparantur.
913 1152 1213 1219 Primummannae
1246 1150 1397 1219 ecaelndi·

248 1242 369 1307 vinitirs
378 1242 554 1326 compluto,
567 1240 656 1328 quod
670 1239 792 1339 saporis
806 1260 881 1303 cum
895 1238 994 1303 melle
1008 1238 1124 1305 fuerat
1138 1242 1246 1307 oleati
1283 1240 1399 1305 uidon-

247 1330 336 1393 nium
344 1327 577 1391 desideriorum
586 1339 736 1392 convenit
744 1323 949 1410 plenitudini.
976 1325 1176 1392 Secundum
1185 1351 1232 1417 qu
1286 1322 1398 1391 candori

249 1428 438 1502 eoaeqnatur
450 1414 564 1491 simile,
575 1414 665 1498 cujus
679 1412 792 1497 gratiae
806 1410 947 1475 concinit
957 1434 1003 1475 ex
1018 1412 1068 1477 sui
1079 1414 1246 1499 puritate.
1269 1412 1400 1479 Tertium

249 1501 381 1589 qnando
396 1500 545 1583 angelum
563 1500 628 1565 Dei
641 1501 756 1564 beatus
773 1496 973 1564 Cuthbertus
987 1500 1137 1585 suscepit
1150 1500 1216 1567 hos
1239 1502 1309 1579 itio,
1338 1496 1400 1563 uiei

251 1590 331 1654 tales
341 1608 439 1673 panes
448 1586 596 1651 exhibuit
607 1585 717 1673 quales
726 1598 813 1650 terra
820 1584 954 1669 gignere
962 1585 1210 1671 nequit,nam'
1264 1522 1400 1661 candore,

252 1672 914 1759 mellasapore,etomnirunpigmentorum
922 1672 1402 1757 generepraecedebantodore.

257 1935 356 2001 CAP.
380 1934 451 1997 LX
453 1933 681 2011 V.-Qnaliter
695 1934 856 2014 predones
868 1934 1062 2013 cymiterium
1082 1934 1253 2015 einamma
1266 1934 1405 1999 Eamne

342 2022 436 2083 Beati
461 2020 627 2096 Cutlvberti,
651 2022 805 2083 sacerdote
820 2020 1010 2099 mimam,
1033 2022 1236 2097 umaserimt3
1256 2024 1405 2101 mutim

341 2127 442 2169 serrem
463 2108 571 2169 educta
592 2109 627 2169 im
648 2107 782 2169 insulam
802 2108 938 2169 stanam
957 2108 1205 2183 amittamur,
1221 2108 1279 2171 ubi
1292 2109 1406 2189 penus

342 2212 453 2267 ommes,
468 2212 594 2271 sompno
606 2196 747 2273 oppressi
760 2200 790 2255 et
801 2194 986 2255 rtestioornm
998 2194 1175 2273 qrriudeeim
1182 2196 1303 2275 impetu
1314 2202 1345 2259 et
1354 2200 1406 2257 ter·

343 2298 413 2343 rore
427 2279 606 2360 tremefacti,
614 2281 757 2361 propriis
770 2298 834 2342 sese
846 2274 951 2341 medad
961 2279 1084 2359 gladiis
1096 2281 1319 2345 interemerint.

305 2450 358 2515 Ex
374 2448 470 2515 sacris
486 2448 652 2534 scripturae
667 2448 858 2515 testimoniis
872 2447 1061 2534 agnovimus
1075 2462 1209 2535 qnantae
1224 2450 1356 2517 virtutis
1367 2448 1409 2513 vi-

259 2559 330 2601 rum
349 2536 488 2601 Beatum
505 2536 723 2602 cuthbertum
736 2536 835 2600 fuisse
850 2535 996 2620 profiteri
1009 2534 1199 2601 debeamus.
1247 2536 1337 2603 Nam
1349 2556 1409 2601 non

260 2624 363 2687 solum
378 2622 523 2708 precioso
534 2622 670 2707 justitiae
684 2622 791 2707 lapide
806 2622 839 2685 in
853 2622 974 2687 caelesti
989 2621 1093 2706 patrii
1106 2636 1299 2703 coronatur,
1311 2622 1368 2689 sed
1380 2632 1410 2687 et

259 2710 356 2794 ipsius
379 2710 529 2773 meritum
544 2709 619 2773 vitae
639 2706 758 2774 cotidie}
773 2708 929 2773 virtutum
951 2708 1073 2787 officiis,
1088 2709 1322 2775 miraculorum
1363 2732 1411 2773 ro·

260 2796 365 2879 digiis,
377 2809 410 2861 et
425 2796 515 2860 novis
527 2796 690 2880 signomm
704 2795 871 2880 praeconiis
886 2796 1079 2860 declaratur.
1127 2795 1217 2869 Qvtia
1228 2818 1299 2861 non
1313 2732 1412 2863 auium

261 2882 415 2947 territorii
429 2882 549 2966 proprii
563 2882 719 2966 alumpnis
729 2905 763 2945 se
779 2881 1068 2948 commendabilem
1081 2882 1230 2961 exhibet,
1241 2884 1305 2949 sed
1318 2882 1411 2951 etiam

283 2968 456 3033 uibuslibet
483 2968 615 3053 longius
632 2968 764 3033 remotis
789 2968 822 3033 in
852 2968 974 3033 cunctis
1002 2991 1038 3033 se
1066 2968 1250 3034 mirabilem
1348 2972 1413 3037 bet.

260 2991 355 3119 balli
370 3054 501 3143 quidem
516 3055 656 3138 denegat
670 3077 736 3119 snae
750 3054 901 3121 benificia
918 3056 1057 3142 pietatis,
1073 3054 1260 3144 quicunque
1300 3056 1414 3123 daliter

262 3142 331 3225 ejus
355 3164 451 3227 opem
473 3141 646 3225 expetierit
668 3141 923 3207 interventionis.
974 3142 1042 3207 Sed
1062 3142 1212 3207 omnibus
1234 3156 1288 3209 est
1310 3142 1415 3209 omnia

261 3228 376 3306 litatus,
392 3228 590 3313 singulorum
608 3227 775 3292 affectibus
790 3252 888 3315 quam
901 3226 1049 3294 citissimi
1063 3250 1248 3309 occurrens,
1263 3252 1327 3316 pro
1362 3252 1415 3297 no·

262 3314 382 3379 rumvis
397 3314 600 3379 occasionum
613 3314 867 3380 necessitatibus.
915 3316 1014 3391 Quod
1035 3315 1204 3381 evidenter
1225 3339 1362 3419 compro

262 3400 351 3464 bitur
380 3424 424 3465 ex
446 3402 591 3466 novitate
620 3424 722 3487 nuper
751 3402 874 3487 expleti
902 3401 1046 3467 miraculi
1074 3402 1164 3489 quod
1191 3404 1415 3470 subscribitur.

266 3486 393 3551 Eodem
407 3487 433 3551 si
457 3488 565 3553 uidem
579 3501 724 3573 tempore
739 3511 804 3575 quo
818 3489 1068 3575 suprascriptum
1080 3488 1274 3555 miraculum
1287 3490 1414 3571 accidit,

264 3574 382 3639 eodem
396 3574 429 3638 in
435 3510 527 3653 ioco,
538 3574 571 3639 in
583 3576 713 3639 Ardene
729 3576 890 3655 videlicet,
901 3598 974 3663 quae
989 3575 1112 3641 villain
1123 3575 1329 3661 Notiugham
1342 3600 1417 3643 con-

264 3660 343 3725 finio
365 3660 470 3746 posita
491 3674 552 3739 est,
568 3662 656 3726 aliud
679 3685 745 3727 non
767 3663 871 3727 minus
893 3662 1039 3728 mirabile
1068 3663 1190 3728 Beatus
1214 3664 1416 3729 cuthbertus

266 3746 396 3833 adjecit.
443 3746 556 3847 Nuper
567 3748 664 3826 enim,
684 3749 779 3814 Beati
793 3750 965 3815 Cuthberti
979 3750 1147 3835 sollempni
1161 3748 1216 3815 die
1230 3750 1415 3817 festivitatis

266 3834 393 3912 exacti,
409 3834 581 3920 praedrctus
596 3836 744 3900 sacerdos
762 3837 861 3921 juxta
873 3859 997 3902 morem
1011 3837 1157 3905 ecclesiae
1178 3836 1245 3902 ritu
1259 3838 1416 3904 canonico

265 3941 325 4005 per
339 3920 408 3985 dies
423 3934 499 3985 octo
521 3921 708 3986 continuare
724 3924 882 4008 disposuit
907 3923 1001 3987 Beati
1018 3923 1190 3989 Cuthberti
1212 3924 1415 4003 memoriam,

266 4028 331 4092 quo
345 4020 512 4159 perpetum
534 4008 631 4092 ipsius
654 4009 814 4074 felicitatis
836 4021 1072 4095 representaret
1089 4009 1226 4095 gloriam
1247 4010 1418 4097 sempiter-

266 4112 352 4157 nam.
416 4095 487 4159 nfra
496 4094 564 4158 dies
576 4094 674 4180 igitur
685 4096 848 4180 praefatos
859 4097 1038 4182 praedoneS,
1053 4096 1166 4162 rabida
1178 4096 1311 4163 feritate
1325 4096 1418 4163 soevi·

268 4190 370 4256 entes,
384 4194 418 4244 et
429 4194 548 4245 terram
561 4182 806 4269 circumqudque
819 4183 931 4268 gladiis
946 4182 1073 4267 ignibus
1088 4197 1122 4248 et
1136 4182 1257 4267 rapinis
1271 4184 1418 4270 depopu-

268 4262 382 4344 lantes,
407 4288 480 4331 cum
494 4267 618 4331 exuviis
634 4281 667 4333 et
689 4269 831 4367 pecuniis
846 4293 908 4357 pau
933 4292 1024 4334 erum
1038 4270 1136 4336 etiam
1158 4270 1284 4355 praedas
1295 4269 1417 4357 ubique

269 4350 408 4434 agebant
444 4352 552 4417 ovium
581 4366 615 4419 et
652 4355 847 4421 annualium.
910 4294 1020 4435 Buris,
1058 4380 1132 4422 cum
1168 4356 1417 4445 circumqutque
