2924 4966
150 379 226 445 ‘2024
509 387 728 439 risomnsm
761 387 946 439 nonnoni

150 644 250 708 cAP.
266 644 314 706 CI
323 643 419 705 -De
430 642 763 722 cujusdampauperis,
780 643 836 723 qui
850 641 959 705 bouum
974 643 1156 723 malequam
1165 640 1306 726 proprie,

236 733 320 813 quod
339 731 379 792 ab
401 731 476 791 aliis
497 749 569 792 vero
582 731 719 791 silvestre
733 736 900 808 apostema,
917 732 1040 804 dicitur,
1056 733 1141 792 circa
1165 733 1309 794 intestina

227 819 364 899 senioris
375 817 751 896 elirapuiuispaturierut3
770 816 1032 896 quomouopanno
1043 817 1139 879 Beati
1152 817 1310 881 Outhberti

241 904 471 984 superadhibito
490 904 595 964 eddam
621 904 671 964 die
699 904 861 982 crepuerit,
878 910 908 965 et
931 906 964 965 in
988 906 1135 983 pruciam
1163 913 1311 968 momento

233 992 380 1072 perfecta
391 991 487 1052 saluti
501 993 657 1052 restitutus
666 989 782 1070 suerit.

202 1163 301 1226 Videt
341 1162 462 1225 Beatus
496 1161 696 1225 Cuthbertus
726 1182 904 1246 pauperum
934 1183 1065 1224 suorum
1095 1162 1245 1226 laborem
1277 1175 1311 1227 et

154 1251 312 1325 dolorem,
343 1248 494 1312 donando
525 1248 570 1311 eis
597 1270 692 1332 opem
722 1247 949 1312 misericordiae
986 1271 1053 1312 suae
1091 1250 1244 1327 celerem,
1277 1267 1311 1314 et

153 1337 254 1400 divini
269 1335 411 1399 muneris
427 1335 690 1399 consolationem.
738 1336 882 1399 Labores
897 1356 1010 1399 eorum
1025 1336 1176 1415 attendit,
1191 1339 1312 1423 quanta

157 1424 334 1508 fatigentur
349 1422 531 1487 calamitate
546 1436 580 1486 et
603 1422 730 1498 inedia;
754 1421 881 1486 dolores
904 1421 1041 1506 inspicit,
1065 1425 1187 1510 quauta
1209 1424 1313 1488 cruci-

155 1524 251 1575 entur
263 1510 463 1574 desolatione
475 1524 509 1574 et
525 1510 683 1594 angustia.
713 1509 819 1573 Efficit
832 1509 930 1593 igitur
941 1523 975 1573 et
990 1512 1151 1574 convertit
1165 1511 1312 1576 laborem

157 1620 270 1662 eorum
286 1597 319 1660 in
334 1599 489 1684 quietern,
506 1597 652 1661 dolorem
667 1598 701 1660 in
718 1596 932 1674 dulcedinem,
949 1597 1165 1662 calamitatem
1181 1598 1214 1662 in
1229 1599 1313 1663 salu·

156 1700 234 1763 tem,
251 1684 393 1748 inediam
408 1684 440 1748 in
463 1684 704 1748 habundantem
727 1683 958 1761 inundantiam,
975 1685 1209 1750 desolationem
1232 1709 1312 1750 moe⁴

155 1773 236 1837 roris
253 1775 286 1835 in
301 1771 540 1836 multitudinem
551 1771 773 1856 jocunditatis,
790 1771 969 1855 angustiam
984 1771 1165 1836 afflictionis
1180 1773 1214 1836 in
1230 1773 1312 1838 lati-

158 1862 243 1923 ciam
258 1875 425 1944 perpetuae
440 1859 660 1924 beatitudinis.
709 1859 891 1944 Pauperum
907 1858 1026 1922 etenim
1048 1858 1222 1944 gemitibus
1238 1861 1312 1924 sub-

159 1947 267 2011 venire
291 1969 357 2010 non
386 1946 504 2023 renuit,
530 1946 606 2033 quia
631 1966 697 2010 non
727 1945 862 2009 hominis
888 1968 1058 2030 personam
1087 1947 1230 2032 respicit,
1255 1947 1313 2012 sed

160 2037 261 2119 magis
278 2033 457 2098 devotionis
473 2055 605 2118 operam
620 2032 769 2098 attendit.
818 2033 916 2108 Quod
932 2033 1046 2097 iccirco
1068 2034 1214 2113 dicimus,
1239 2035 1314 2122 quia

160 2121 194 2185 id
221 2122 318 2208 quaim
342 2119 458 2206 saepiirs
478 2121 628 2206 operibus
647 2120 745 2205 ipsius
764 2119 834 2185 fieri
853 2120 1076 2206 comperimus.
1124 2121 1212 2186 Nam
1238 2134 1312 2210 quae'

78 2268 81 2274 .
161 2208 306 2294 superius
322 2208 365 2272 ad·
379 2208 476 2292 ipsius
499 2206 725 2272 declarandam
741 2207 867 2271 virtutis
890 2207 1023 2292 gloriam
1040 2211 1140 2273 verbo
1156 2210 1313 2295 praemisi-

161 2319 244 2374 mus-,-
260 2295 322 2359 hoc
333 2298 402 2381 jam
418 2294 549 2359 inferius
564 2295 607 2359 ad
622 2295 855 2359 ostendendam
874 2296 1054 2360 clementiae
1077 2295 1162 2360 illius
1185 2296 1313 2361 munife-

160 2385 302 2447 centiam
332 2382 483 2466 exemplo
506 2381 635 2446 subdito
661 2381 928 2447 demonstremus.
1005 2383 1173 2468 Tempore¹
1195 2385 1313 2450 eodem

161 2491 228 2557 quo
246 2471 359 2534 Frater
373 2469 427 2533 ille
443 2469 530 2554 apud
548 2468 759 2534 Haddintune
775 2490 850 2533 cum·
867 2468 960 2534 Beati
986 2471 1159 2535 Cuthberti
1170 2470 1314 2559 reliquiis

162 2557 463 2642 perhendinavcrat,
491 2576 615 2642 pauper
637 2557 768 2642 quidam
794 2556 925 2620 colonus
949 2578 1023 2621 curn
1048 2558 1106 2622 sub
1131 2559 1244 2624 sobole
1270 2556 1326 2624 ad·

162 2645 296 2709 fratrem
319 2644 511 2729 praedictum
534 2655 723 2708 accesserat.
775 2638 838 2707 Hic'
860 2644 961 2707 filium
984 2644 1045 2709 sibi
1065 2645 1195 2710 unicum
1218 2645 1313 2710 simul

163 2754 240 2797 cum-
252 2744 355 2796 matre
371 2731 468 2816 ipsius
484 2752 595 2795 secum
608 2731 800 2808 adduxerat,
812 2743 845 2794 et
857 2753 916 2816 pro
925 2731 1023 2816 ipsius
1033 2732 1160 2797 miseria
1176 2745 1312 2821 uterque

162 2834 278 2905 parens
305 2818 400 2883 Beati
431 2818 605 2882 Cuthberti
630 2818 834 2882 clementiam
857 2818 1065 2903 deposcebat.
1118 2820 1312 2885 Infirmitats

162 2906 283 2972 etenim
312 2905 497 2990 gravissima
518 2905 695 2970 laborando
718 2908 930 2983 exaestuabat,
954 2906 1030 2993 quia
1051 2909 1173 2971 bonurn
1192 2907 1314 2992 malaga

163 3015 241 3058 num
264 3015 362 3079 supra
383 2992 503 3057 femina
520 2993 618 3078 juxta
643 2991 779 3076 inguinis
806 2992 860 3057 ilia
888 2994 1077 3058 sustinebat.
1126 2994 1165 3059 In
1187 2996 1314 3060 reflexu

163 3081 322 3169 siquidem
333 3079 474 3165 plicabili
489 3078 609 3143 ventris
620 3091 653 3142 et
668 3079 797 3143 femoris
810 3079 899 3180 quasi
919 3080 953 3143 in
968 3082 1091 3145 summa
1104 3083 1227 3147 vertice
1243 3104 1315 3147 cru·

165 3170 207 3231 ris
229 3180 264 3231 et
288 3167 427 3252 inguinis
446 3166 498 3230 hic
521 3168 651 3231 morbus
672 3167 864 3252 pestileutroe
885 3167 1040 3252 juvenem
1063 3169 1263 3253 possederat,
1280 3174 1315 3235 et'

164 3254 262 3320 nichil
277 3254 307 3318 ei
329 3254 388 3317 nisi
410 3254 496 3318 solus
519 3253 632 3318 mortis
657 3254 765 3318 exitus
780 3254 978 3320 imminebat.
1026 3254 1154 3342 Nempe
1173 3259 1315 3342 grossius

163 3365 260 3429 quam
289 3341 394 3426 capud
423 3340 561 3406 hominis
585 3341 679 3404 unius
708 3353 909 3419 excreverat,
933 3355 968 3406 et
1000 3340 1082 3428 pene
1108 3366 1151 3408 ex
1185 3356 1314 3409 tumore

164 3431 266 3493 nimio
289 3451 417 3492 omnem
438 3428 531 3514 pellis
554 3427 756 3514 superficiem
782 3428 1003 3514 distringendo
1018 3428 1078 3494 sibi
1094 3443 1314 3496 contraxerat.

169 3516 323 3580 Rubebat
339 3515 435 3580 etiam
451 3516 542 3603 quasi
556 3517 694 3593 flamma,
708 3539 782 3602 quae
794 3516 836 3580 de
852 3515 925 3600 igne
936 3517 1153 3602 progreditur,
1164 3519 1217 3584 vel
1232 3518 1315 3584 sicut

166 3604 265 3667 carbo
280 3603 335 3690 qui
349 3602 433 3686 ignis
448 3602 563 3666 ardore
575 3615 777 3667 exaestuante
789 3602 999 3668 comburitur.
1048 3604 1197 3670 Inferiori
1207 3619 1316 3672 tamen

163 3690 298 3755 materie
325 3689 414 3753 tanta
444 3689 611 3773 nigredine
638 3713 680 3773 ex
711 3689 890 3771 colluvione
920 3690 1071 3776 congesti
1099 3692 1315 3778 oppalluerat,

164 3778 253 3864 quod
275 3776 375 3861 magis
399 3799 527 3840 coenosa
549 3776 737 3841 tabitudinis
759 3777 872 3862 fuligo,
889 3792 987 3865 quam
1009 3778 1113 3843 carnis
1134 3781 1247 3858 rubor,
1264 3781 1316 3845 tel

164 3865 246 3949 ignis
262 3864 368 3942 ardor,
386 3863 585 3928 intuentibus
596 3863 693 3928 fuisse
712 3877 915 3950 apparuerat.
965 3865 1212 3953 Surgebantque
1234 3867 1317 3932 inte-

163 3952 229 4015 rius
252 3951 453 4016 stimulantes
475 3950 578 4016 aculei
601 3952 692 4037 quasi
719 3952 823 4016 cordis
849 3951 1028 4038 penetralia
1052 3952 1266 4037 perforantes,
1283 3967 1317 4019 et

163 4038 317 4124 languore
335 4036 552 4122 inexplicabili
575 4037 683 4102 omnia
705 4038 930 4103 intestinorum
952 4039 1075 4104 viscera
1095 4041 1210 4105 intima
1231 4052 1317 4106 tere·

163 4126 306 4190 brantes.
349 4124 517 4189 Cruciatus
533 4124 615 4190 illius
638 4125 826 4189 inedicibilis
842 4125 978 4203 exstitit,
996 4139 1029 4190 et
1044 4129 1168 4191 cunctis
1183 4150 1317 4192 cerneu-

165 4211 250 4275 tibus
263 4211 504 4295 indesperabilis
523 4211 620 4295 ipsius
644 4212 727 4276 salus
744 4225 777 4276 et
799 4212 962 4298 reparatio
980 4213 1052 4278 fuit.
1100 4213 1187 4279 Nam
1212 4215 1317 4279 multo

164 4310 310 4382 tempore
327 4297 382 4361 tali
394 4297 583 4382 aegritudine
594 4299 807 4377 laboraverat,
821 4313 854 4365 et
866 4299 968 4363 omnis
983 4301 1143 4367 medicina
1158 4300 1315 4377 adhibita,

164 4383 194 4447 ei
206 4407 264 4470 pro
280 4398 453 4474 augmento
469 4384 587 4451 doloris
604 4397 637 4452 et
653 4386 884 4472 desperationis
897 4387 1078 4454 exstiterat.
1126 4388 1225 4454 Pater
1237 4409 1316 4472 ergo
