2924 4966
149 360 225 426 ί210
502 370 722 419 iisoiiinini
751 369 936 421 ironaciii

149 535 289 602 vulneris
305 557 399 599 omne
412 556 526 618 corpus
543 534 640 618 ipsius
656 533 824 598 ambientis
840 531 1034 609 ostenditur,
1048 544 1083 596 et
1096 531 1196 597 virtus
1210 531 1294 597 mira·

151 624 214 689 culi
238 622 384 687 omnibus
409 622 602 686 declaratur.
651 622 737 686 Caro
760 620 859 685 etiam
881 620 913 684 in
934 618 1070 685 circuitli
1095 620 1235 706 corporis
1256 620 1296 684 ita

152 734 251 776 exesa
274 709 432 794 apparuit,
449 708 537 794 quod
555 709 588 771 in
611 709 680 808 ipso
695 708 852 808 adaperto
868 708 999 771 vulnere
1016 706 1115 771 trium
1137 705 1219 792 peni
1233 708 1298 772 lati-

153 798 234 863 tudo
248 796 423 881 digitorum
440 795 598 861 levissime
613 818 681 859 sine
701 796 810 882 ahquo
833 794 1027 860 offendiculo
1043 794 1171 859 infundi
1192 808 1300 880 potue·

152 886 206 949 rit.
254 885 347 947 Tunc
363 906 473 947 omnes
497 883 601 947 Beato
624 882 807 948 Cuthberto
830 895 938 966 grates
961 880 1164 966 dignissimas
1188 882 1301 946 retule-

152 986 240 1048 runt,
257 973 333 1057 quia
348 971 447 1035 oculis
469 969 532 1033 suis
555 969 653 1055 ipsius
668 970 828 1054 magnalia
846 982 1097 1055 conspexerunt,
1115 982 1149 1034 et
1172 968 1301 1054 propriis

156 1058 305 1122 manibus
324 1058 393 1142 jam
413 1056 552 1121 exsoluti
575 1056 711 1121 hominis
735 1056 862 1120 vincula
880 1070 914 1120 et
929 1056 1064 1121 vulnera
1086 1069 1304 1122 contrectave-

157 1160 244 1210 runt.
293 1144 366 1208 Hoc
382 1144 570 1209 miraculum
585 1167 643 1208 nos
659 1158 692 1209 et
707 1144 814 1229 plures
830 1167 848 1207 e
864 1141 1016 1207 fratribus
1036 1143 1154 1207 uostris
1170 1143 1303 1208 vidimus

153 1248 188 1298 et
204 1233 334 1309 multos,
348 1231 402 1319 qui
418 1233 479 1296 lioc
496 1231 652 1311 viderant,
669 1231 711 1295 de
726 1230 774 1295 liis
791 1243 889 1294 testes
904 1230 1071 1296 habemus.

156 1496 256 1561 CAP.
289 1495 543 1574 XClK-Qnam
568 1497 706 1559 mirabili
730 1496 846 1569 ordine,
874 1495 970 1558 Beati
997 1495 1157 1558 Cutliberti'
1181 1497 1303 1576 pietate,

240 1584 368 1669 qnidam
386 1585 419 1643 in
440 1585 594 1646 Diinelino
613 1585 823 1646 iitcarceratus
839 1589 869 1645 et
888 1583 1019 1645 vinculae
1030 1583 1155 1663 ferreis
1174 1591 1304 1658 artatur,

241 1673 322 1732 ostia
336 1673 472 1732 carceris
485 1678 514 1732 et
526 1690 614 1733 snas
628 1673 666 1734 de
681 1672 789 1753 oppidi
798 1670 900 1733 valvis
914 1672 1084 1734 aereaere
1090 1691 1104 1743 ;
1119 1670 1305 1733 allideretur

240 1759 289 1820 ad
299 1758 459 1820 ecclesiam
474 1759 598 1823 venerit.

203 1929 280 1993 Non
299 1929 317 1993 {i
341 1929 445 2015 seipso
469 1929 622 2018 loquitur,
640 1929 657 1993 i
677 1952 742 2019 quo
765 1928 896 1994 alterius
919 1926 1021 2013 gloria
1042 1927 1258 2014 praedicatum
1272 1939 1305 1993 et

155 2041 215 2080 nos
231 2016 346 2080 iccirco
362 2017 620 2101 contemptibiles
636 2015 710 2081 duci
733 2017 774 2080 ab
789 2015 857 2080 aliis
872 2038 937 2079 non
952 2015 1120 2093 debemus,
1138 2015 1216 2102 quia
1229 2016 1306 2081 alte*

155 2104 221 2169 rius
244 2103 373 2167 honoris
396 2103 531 2188 gloriam
547 2117 580 2168 et
604 2127 668 2169 nou
691 2116 819 2181 nostrae,
837 2103 915 2166 dum
933 2103 975 2166 de
1001 2103 1107 2167 Beato
1124 2103 1306 2169 Cuthberto

158 2191 330 2290 loquimur,
347 2189 570 2275 praedicamus.
618 2189 690 2254 Nec
712 2191 800 2276 quod
822 2189 1012 2276 proferimus
1036 2189 1150 2277 aliquis
1173 2190 1306 2256 deberet

156 2278 365 2362 vilipendere,
383 2276 459 2377 quia
475 2277 575 2342 virtus
591 2291 639 2342 est
659 2278 753 2343 Beati
771 2277 954 2354 Cuthberti,
971 2299 1035 2340 non
1058 2276 1196 2342 hominis
1212 2301 1306 2343 cona·

157 2380 220 2442 tuS,
248 2388 345 2452 quam
371 2364 502 2428 nitimur
528 2365 570 2429 ad
596 2364 693 2450 ipsius
719 2364 854 2449 gloriam
878 2363 1087 2452 exsequendo
1113 2364 1305 2432 describere.

162 2453 204 2516 Et
221 2454 246 2515 si
262 2454 303 2516 ab
323 2451 390 2516 aliis
414 2451 561 2516 exaudiri
584 2474 648 2515 non
673 2474 849 2536 possumus,
866 2473 925 2514 nos
949 2465 1057 2516 tamen
1083 2450 1180 2517 Beati
1205 2452 1306 2517 cnth-

157 2539 241 2604 berti
263 2539 399 2624 gloriam
421 2539 557 2603 reticere
573 2562 637 2602 non
660 2539 826 2603 debemus.
874 2537 971 2617 Nam,
987 2538 1029 2602 de
1051 2537 1150 2624 ipsius
1174 2538 1304 2616 meritis,

158 2650 321 2711 speramus
344 2626 464 2689 habere
487 2626 754 2691 remunerationis
781 2624 960 2712 praemium,
984 2625 1060 2691 licet
1086 2627 1223 2691 aliorum
1245 2648 1306 2726 pro

158 2713 336 2778 dulcedinis
349 2713 401 2778 elo
423 2713 478 2780 uio
490 2713 625 2777 mercari
639 2736 704 2776 non
719 2713 874 2797 possimus
889 2712 1045 2778 auditum.
1072 2713 1196 2779 Beatus
1210 2712 1306 2799 igitur

161 2801 363 2866 Cuthbertus
387 2736 558 2887 aliquando
573 2800 688 2867 noxios
703 2824 723 2865 a
745 2800 881 2865 miseriae
897 2800 1076 2885 calumpm‘d
1090 2799 1188 2880 eruit,
1203 2813 1240 2865 et
1260 2799 1307 2864 in-

157 2900 311 2953 nocentes
327 2887 368 2951 de
384 2887 501 2973 laqueo
523 2887 715 2972 perdicionis
730 2887 850 2952 educit.
898 2887 999 2960 Quod
1018 2887 1133 2952 diebus
1148 2886 1216 2953 istis
1232 2887 1307 2952 satis

157 2988 249 3061 gesta
272 2973 422 3058 colligere
446 2997 626 3058 possumus,
648 2974 674 3036 si
697 2974 794 3059 ipsius
817 2997 917 3059 opera
938 2973 1084 3039 subtiliiis
1107 2974 1307 3061 indagamus.

160 3064 323 3147 Tempore
347 3061 476 3160 quidem
498 3060 572 3138 isto,
590 3061 721 3148 quidam
738 3060 937 3127 Christianus
955 3061 1158 3126 Monetarius
1169 3060 1204 3127 in
1217 3062 1309 3127 Dini-

158 3151 243 3213 elmo
259 3148 395 3225 exstitit,
413 3147 467 3234 qui
483 3148 646 3233 quondam
662 3148 828 3213 minariam
853 3147 1005 3233 Episcopi
1027 3149 1087 3212 sub
1102 3148 1216 3215 debito
1234 3171 1310 3215 cou-

157 3236 286 3300 ditionis
309 3236 444 3320 accepit.
492 3234 555 3298 Hic
571 3236 733 3321 quendam
755 3235 906 3300 miserum
929 3235 1065 3299 fortuitu
1087 3237 1243 3321 repperit,
1267 3237 1309 3302 de

157 3348 222 3410 quo
250 3322 335 3387 fama
357 3322 544 3406 vulgaverat
569 3323 657 3421 quod
687 3323 872 3387 thesaurum
901 3322 1040 3409 aliquem
1069 3322 1252 3408 reperierit,
1275 3335 1309 3390 et

156 3433 257 3498 penes
272 3434 305 3474 se
329 3409 361 3472 in
377 3410 504 3474 occulto
524 3409 709 3474 detinuerit.
758 3409 865 3483 Quem
888 3409 1156 3494 comprehensum
1175 3410 1308 3475 vinculis

156 3497 317 3573 astrinxit,
329 3510 362 3560 et
374 3496 502 3583 quiade
514 3519 565 3574 eo,
577 3497 665 3583 quod
676 3497 787 3574 voluit,
799 3510 994 3583 extorquere
1006 3519 1072 3561 nou
1082 3496 1201 3582 potuit,
1218 3497 1310 3584 Epis·

156 3585 276 3668 copalis
292 3585 454 3667 ergastulo
469 3582 604 3647 carceris
627 3584 712 3648 hunc
726 3583 867 3649 reclusit.
916 3582 1000 3647 Nam
1016 3583 1113 3649 celari
1133 3583 1206 3649 talis
1220 3606 1310 3650 man·

158 3670 277 3755 cipati'o
297 3682 442 3747 torturae,
460 3669 580 3734 diutiiis
605 3693 645 3734 ue
667 3671 768 3736 latere
787 3694 853 3737 nou
875 3683 1024 3756 poterat;
1045 3682 1078 3735 et
1091 3670 1227 3737 detecta
1241 3672 1309 3757 ejus

158 3757 293 3823 audacia
308 3757 408 3841 magis
424 3758 564 3842 jacturae
580 3693 782 3844 dispendium
805 3781 902 3845 quam
924 3757 1059 3843 alicujiis
1081 3757 1163 3822 lucri
1186 3759 1310 3824 emolu-

157 3859 302 3909 mentum
318 3844 348 3907 ei
364 3840 502 3928 adjicere
521 3845 729 3928 praevalebat.
776 3845 863 3909 Nam
878 3857 911 3909 et
926 3845 1025 3930 regiae
1040 3844 1179 3929 dignitas
1202 3860 1312 3932 potcs-

159 3932 233 3996 tatis
247 3931 281 3994 in
300 3933 379 3995 urbe
396 3931 449 3993 illa
467 3944 537 3995 erat
560 3933 753 4016 potentiaria
771 3931 967 4018 Episcopalis
990 3931 1148 4017 possessio
1164 3930 1310 3998 dicionis.

162 4019 260 4085 Unde
273 4041 332 4081 nec
342 4017 488 4082 abditum
500 4030 611 4086 tenere
623 4022 729 4103 potuit
742 4033 841 4084 tantae
852 4019 977 4082 lucrum
989 4019 1031 4083 ad
1054 4017 1222 4099 uisitionis,
1236 4042 1310 4108 quoe

160 4119 225 4170 tam
252 4105 349 4189 regiae
374 4127 469 4191 quam
504 4105 701 4190 Episcopalis
728 4129 797 4171 esse
824 4107 1004 4170 debuerant
1030 4041 1209 4190 diguitatis.
1258 4106 1311 4172 Ad

162 4191 358 4276 Episcopalis
374 4214 452 4275 ergo
471 4193 668 4274 ergastulum
688 4193 823 4258 carceris
845 4194 931 4257 hunc
950 4192 1097 4269 adduxit,
1115 4215 1246 4258 causam
1269 4216 1310 4259 ue

157 4276 337 4340 vicecomiti
362 4291 395 4342 et
422 4277 572 4362 Episcopi
599 4279 784 4346 siibvicariis
808 4278 1033 4366 patefaciendo
1056 4278 1194 4364 aperuit.
1244 4217 1311 4354 Bul

156 4363 249 4431 multi
268 4365 347 4430 liicri
370 4375 533 4450 sperantes
556 4367 686 4451 copiosa
708 4368 853 4454 optinere
878 4366 1079 4445 commercia,
1096 4365 1215 4432 arctiiis
1235 4389 1311 4435 enm
