2924 4966
168 377 244 453 986
521 397 740 450 nummum
767 397 950 451 nossent

168 564 305 631 Hawich
328 562 425 642 dicta,
443 563 662 642 advenerant;
685 587 758 652 quae
774 583 883 629 secum
905 561 1014 629 delata
1028 561 1158 641 cibaria,
1175 563 1257 630 sicut
1280 578 1314 630 et

164 653 286 731 caeteri,
303 676 396 718 secus
411 653 511 718 altare
527 665 711 738 posuerant.
757 651 885 716 Deinde
908 673 967 736 pro
995 651 1104 716 Sancti
1122 652 1313 732 reverentiis,

164 741 297 806 candela
312 741 375 804 una
390 763 486 827 super
501 742 602 805 altare
617 740 760 818 accensa,
776 740 913 826 populus
936 738 977 804 de
1000 738 1085 804 intro
1108 755 1313 825 aggregatur,

164 844 200 894 ut
227 829 304 893 lucis
333 829 469 913 juvante
495 827 648 908 subsidio,
674 827 815 893 Domino
839 826 988 893 devotibs
1014 827 1197 893 famuletur.
1247 830 1313 893 Sed

162 941 239 982 ecce
262 916 369 981 subitb
392 916 527 981 candela
549 916 635 1002 prius
657 912 792 981 accensa
809 938 905 1002 super
923 915 1035 994 altare,
1056 917 1177 980 cunctis
1204 940 1313 982 casum

163 1005 261 1071 talem
290 1003 519 1069 admirantibus
549 1004 693 1068 extincta
721 1003 922 1089 comparuit3
953 1017 986 1069 et
1016 1002 1096 1090 ignis
1126 1002 1191 1082 ille,
1216 1027 1313 1092 quem

161 1116 271 1158 secum
286 1092 461 1157 attulerant
476 1092 527 1156 vel
543 1091 758 1170 confecerant,
775 1091 904 1156 omnino
919 1090 1050 1158 defecit.
1099 1092 1141 1157 Et
1157 1093 1312 1180 quiajam

161 1204 228 1246 nox
254 1181 426 1245 tenebrosa
450 1179 566 1257 fuerat,
591 1179 704 1244 horror
730 1192 763 1243 et
789 1192 894 1243 metus
921 1179 1042 1244 aninms
1068 1180 1243 1245 multorum
1268 1180 1311 1245 ibi

161 1269 349 1355 positorum,
367 1267 536 1332 invaserat.
584 1265 710 1353 Nempe
725 1267 853 1352 longius
867 1268 908 1332 ab
932 1268 1034 1332 omnis
1049 1268 1134 1333 villae
1150 1269 1312 1334 vicinitate
1347 1303 1349 1306 >

160 1356 276 1422 semoti
303 1356 335 1420 in
359 1355 478 1420 deserti
504 1355 620 1420 finibus
644 1355 782 1434 fuerant,
813 1355 871 1420 sed
897 1369 931 1420 et
961 1356 1124 1421 nocturnis
1154 1358 1312 1442 praeventi

161 1444 313 1523 tenebris,
326 1466 392 1532 quo
406 1443 564 1528 fugerent,
576 1444 627 1508 vel
642 1442 748 1529 ignem
760 1456 816 1508 aut
831 1443 935 1508 lucem
947 1457 1141 1532 quoererent,
1153 1467 1311 1532 nusquam

161 1532 378 1599 inveniebant.
443 1531 530 1606 Quin
554 1531 652 1596 immo
678 1553 738 1596 nec
761 1531 925 1619 quomodo
951 1531 1044 1596 multi
1068 1555 1179 1597 eornm
1205 1533 1310 1597 adhuc

155 1621 270 1707 jejuni,
288 1619 376 1685 cibos
400 1619 513 1684 allatos
536 1632 699 1706 caperent,
716 1618 826 1684 videre
849 1632 1017 1706 poterant;
1040 1620 1098 1685 sed
1112 1643 1216 1707 neque
1237 1644 1311 1705 por-

161 1712 280 1774 tionem
297 1731 370 1795 quae
394 1707 586 1794 pauperibus
610 1708 736 1793 erogari
757 1708 926 1786 debuerat,
946 1707 1082 1772 discerni
1104 1721 1250 1794 poterat3
1276 1723 1309 1774 et

161 1796 308 1862 distribui
324 1795 358 1859 id
372 1795 475 1860 minus
490 1809 628 1881 poterat,
646 1795 734 1897 quod
756 1795 807 1859 cui
829 1794 972 1875 daretur,
989 1795 1090 1861 videri
1115 1795 1165 1860 vel
1188 1798 1309 1861 secerni

160 1908 290 1971 prorsus
305 1906 370 1948 non
384 1883 523 1948 valebat.
573 1883 728 1949 Omnibus
744 1882 842 1969 igitur
856 1883 888 1947 in
904 1883 1050 1969 angustid
1071 1883 1168 1949 animi
1186 1885 1308 1970 positis,

155 1974 225 2059 jam
240 1986 333 2059 tepor
348 1971 577 2058 desperationis
593 1971 766 2056 obriperet,
783 1971 843 2036 nisi
864 1994 936 2058 spes
959 1973 1000 2036 de
1025 1972 1118 2037 Beati
1138 1973 1310 2038 Cuthberti

161 2061 388 2138 misericordia,
404 2082 515 2125 eorum
539 2060 674 2125 affectus
696 2059 808 2124 anxios
830 2060 1015 2125 recreasset.
1068 2060 1200 2125 Interim
1244 2085 1310 2127 uoe-

160 2150 236 2213 dam
247 2148 473 2234 praedictarum
488 2147 657 2212 mulierum
676 2146 805 2232 Seigiva
820 2160 944 2226 vocata,
961 2149 1118 2213 consociae
1133 2172 1210 2228 suae,
1222 2085 1310 2213 (ilos-

161 2237 267 2301 frithae
283 2236 391 2313 dictoe,
408 2235 548 2300 convitia
567 2258 653 2300 saeva
675 2258 747 2299 cum
770 2234 1006 2300 contumeliosis
1029 2238 1200 2301 verborum
1216 2238 1308 2302 taedis

160 2325 276 2411 saepiirs
299 2323 468 2400 inferebat,
485 2322 562 2410 quia
587 2322 642 2387 illo
665 2345 724 2409 pro
750 2322 834 2389 illius
855 2324 967 2389 sedula
988 2324 1216 2403 admonitione,
1238 2348 1309 2390 ora

162 2412 283 2479 tionem
300 2435 374 2476 cum
395 2409 510 2496 vigiliis
532 2410 667 2488 factura,
684 2411 870 2477 advenerat.
927 2412 1067 2478 Dicebat
1085 2407 1215 2500 quidem
1231 2414 1308 2479 talia

160 2499 216 2580 sic,
244 2511 265 2541 “
280 2499 365 2564 Ecce
386 2521 481 2650 ‹puam
504 2498 590 2584 turpi
616 2497 755 2563 ludibrio
777 2499 855 2564 mihi
877 2498 1012 2579 illusisti,
1028 2523 1101 2588 quae
1123 2523 1174 2565 me
1198 2514 1307 2566 tecum

159 2589 245 2653 hunc
260 2587 380 2652 deserti
414 2609 508 2650 ocum
530 2599 641 2672 petere
664 2586 779 2652 fecisti.
826 2586 944 2653 Nonne
966 2587 1042 2653 alibi
1066 2586 1145 2652 alios
1171 2589 1307 2653 Sanctus

162 2675 226 2742 Dei
249 2697 374 2762 possem
397 2673 524 2738 aditura
546 2673 719 2760 postulare,
738 2675 797 2740 nisi
818 2697 878 2761 pro
905 2689 962 2741 tuo
984 2675 1108 2741 monitu
1133 2675 1306 2741 Cuthberti

159 2765 229 2831 haec
244 2764 373 2829 deserta
395 2761 477 2826 atria
498 2762 598 2841 adire,
615 2775 650 2826 et
673 2775 739 2826 tam
761 2763 909 2828 miseram
933 2764 1069 2830 fortunae
1091 2763 1304 2850 calumpniam

158 2852 343 2918 sustinere?
391 2850 476 2915 Ecce
491 2851 555 2937 qud
569 2849 738 2935 effugimus
753 2873 819 2915 non
838 2851 993 2931 videmus,
1010 2865 1043 2918 et
1065 2851 1117 2917 hic
1140 2875 1249 2917 omnes
1272 2853 1305 2916 in

158 2943 288 3006 deserto
303 2940 336 3004 in
350 2940 436 3004 caeca
450 2937 552 3003 noctis
567 2937 702 3023 caligine
718 2938 903 3019 residemus,
921 2954 954 3005 et
975 2953 1088 3005 utrum·
1103 2939 1215 3028 aliquis
1238 2964 1307 3005 om·

157 3030 246 3094 nium
271 3028 415 3093 nostritm
438 3049 532 3091 sanus
555 3027 643 3091 domi
668 3026 774 3092 redire
799 3027 917 3106 valeat,
944 3030 1157 3114 ignoramus.”
1211 3029 1306 3094 Tunc

159 3118 271 3196 altera,
300 3115 465 3180 Rosfritha
491 3114 587 3194 dicta,
604 3112 717 3179 melitis
745 3115 777 3178 in
804 3116 868 3180 fide
894 3115 1039 3196 fundata,
1060 3117 1305 3203 improperantis

157 3204 388 3283 contumeliosa
410 3205 509 3268 verba
530 3226 733 3289 compescere
749 3202 874 3283 institit,
891 3217 925 3269 et
944 3207 1012 3290 spei
1034 3205 1152 3270 fiducia
1173 3206 1306 3270 robora·

158 3308 235 3373 tam,
252 3292 366 3358 animae
390 3291 512 3356 uiorem
533 3291 669 3356 reddere
685 3291 806 3369 volens,
823 3291 890 3368 ait;
925 3301 947 3334 ‘⁶
962 3292 1050 3372 Noli,
1067 3292 1207 3372 domina,
1224 3294 1318 3373 noli,¹

152 3382 253 3460 socia,
271 3379 348 3445 talia
362 3315 562 3465 desperando
576 3378 695 3457 dicere,
711 3378 786 3466 quia
800 3392 914 3464 potens
930 3390 979 3446 est
1004 3381 1124 3446 Beatus
1143 3381 1304 3447 Cuthber-

156 3483 218 3547 tus,
235 3492 331 3556 quem
344 3468 408 3532 huc
423 3466 590 3546 adivimus,
607 3467 698 3538 nobis
721 3466 868 3531 omnibus
882 3467 923 3532 ·in
949 3468 1097 3554 proximo
1120 3469 1301 3547 subvenire,

155 3570 190 3622 ct
216 3580 339 3627 omnes,
353 3557 410 3619 sud
439 3554 624 3627 defensione
650 3556 788 3618 munitos
812 3577 892 3642 quos
915 3579 956 3645 ue
980 3556 1154 3622 incolumes
1181 3557 1229 3636 ad
1244 3581 1303 3636 sua

154 3645 321 3710 reducere.
368 3643 439 3708 Nec
461 3665 601 3730 unquam
623 3642 801 3707 audivimus
827 3579 915 3731 quod
942 3644 1077 3710 Sanctus
1103 3645 1318 3725 Cuthbertus

154 3734 295 3822 aliquem
310 3730 440 3817 periisse
456 3730 662 3816 permisisset,
686 3730 741 3818 qui
765 3754 854 3815 spem
876 3731 909 3795 in
931 3730 987 3796 illo
1009 3755 1141 3818 ponens,
1158 3733 1221 3798 huc
1241 3756 1301 3819 pro

154 3823 223 3907 ejus
238 3843 348 3886 amore
364 3819 574 3884 advenisset.'’
623 3819 713 3883 lnter
727 3820 808 3899 haec,
819 3819 940 3893 ‚mirum
955 3820 988 3884 in
1002 3821 1144 3900 modum,
1159 3843 1302 3900 eccere-

153 3908 249 3996 pente
270 3930 354 3972 nova
373 3907 526 3995 quaedam·
537 3906 681 3986 candela,
698 3908 810 3992 major,
827 3906 922 3971 altior
938 3921 971 3973 et
985 3909 1125 3994 grossior
1143 3909 1198 3972 illa
1212 3909 1300 3995 prius

152 3997 317 4084 praedictb,
343 3995 375 4059 in
404 3993 511 4059 medio
541 3993 648 4059 altaris
668 4007 812 4060 accensa
839 3999 1008 4081 apparuit3
1043 4019 1116 4083 quse
1145 3997 1227 4062 radii
1250 3998 1300 4063 sui

151 4087 294 4150 flammas
309 4085 449 4148 ubertim
468 4082 608 4170 undique
626 4082 818 4162 diffundens,
835 4096 945 4149 omnes
968 4085 1048 4149 fines
1070 4085 1213 4165 ecclesiae
1228 4086 1301 4150 illn-

152 4171 297 4237 minavit.
345 4170 444 4246 Quod
465 4171 578 4235 revera
599 4169 824 4256 inexplicabile
850 4171 1039 4237 miraculum
1062 4173 1198 4253 exstitit,
1215 4174 1317 4262 quia·

151 4260 214 4325 alia
228 4281 324 4345 quam
339 4259 424 4345 prius
440 4258 575 4322 candela
589 4257 633 4322 ibi
649 4265 757 4324 erecta
778 4259 849 4337 fuit,
867 4261 1014 4326 omnibus
1025 4259 1222 4341 videntibus,
1240 4262 1298 4327 sed

151 4345 237 4413 unde
248 4349 387 4412 venisset
401 4368 529 4431 prorsus
544 4346 775 4431 ignorantibus,
787 4347 872 4434 ylico
887 4348 951 4413 illic
966 4349 1143 4415 illuminata
1157 4350 1298 4416 emersit.
1312 4360 1314 4364 ‘

94 4433 96 4444 '
153 4431 294 4502 Alterius
309 4434 440 4523 quidem
454 4445 523 4500 erat
538 4434 684 4500 scematis
704 4449 738 4501 et
762 4434 885 4516 formae,
901 4444 997 4525 quam
1019 4460 1130 4504 omnes
1152 4440 1309 4506 candelae-
