2924 4966
174 368 249 434 952
537 383 753 434 nectuntur
784 384 969 435 urouncm

180 548 223 612 Et
238 548 315 634 quia
341 547 477 611 Sanctus
495 547 637 612 Thomas
662 568 763 632 nuper
779 545 933 612 intereos
948 571 1052 615 novus
1067 552 1189 639 lampas
1205 556 1333 623 rutilare
1385 573 1393 599 ¹

176 635 381 719 conspicitur,
410 650 502 699 terna
522 657 589 698 sors
616 634 731 698 horum
757 633 899 720 singulus
920 650 1092 704 statuatur.
1156 643 1334 727 Cujuscun·

175 747 239 810 que
266 723 364 808 igitur
394 745 461 787 sors
489 720 589 785 tercio
609 722 733 807 jactata
758 737 809 786 ter
835 723 877 786 ad
907 725 1073 809 superiora
1099 733 1332 810 conscenderit,

174 811 273 896 ipsius
293 812 402 876 Sancti
417 810 539 874 meritis
551 809 635 872 hunc
651 823 809 894 oegrotum
821 811 916 874 saluti
928 812 1163 879 restituendum
1175 817 1333 884 Dominus

176 898 407 962 conservavit.”
470 896 592 960 Mirum
615 895 648 958 in
675 896 818 974 modum,
835 920 903 961 sors
931 900 1032 966 tercid
1057 903 1183 986 jactata
1207 929 1332 992 semper

178 986 396 1050 Cuthbertum
412 984 557 1068 protulit,
574 997 608 1047 et
623 983 691 1068 ejus
707 984 892 1068 patrociniis
912 982 1099 1072 languidum
1122 993 1253 1056 sanitati
1269 1018 1332 1058 res-

175 1072 356 1136 tituendum
373 1071 590 1157 praesignavit.
639 1071 740 1154 Cujus
755 1074 849 1136 sortis
865 1073 1005 1151 oracula,
1024 1090 1116 1160 pater
1138 1078 1182 1142 nil
1202 1098 1332 1146 cuncta-

112 1169 116 1174 ’
175 1173 226 1221 tus
251 1161 423 1244 diligenter
449 1157 597 1244 excepit3
629 1171 662 1221 et
686 1158 768 1221 datis
790 1159 967 1244 sumptibus
992 1164 1025 1225 in
1048 1163 1099 1228 viel
1123 1166 1271 1250 copiosis,
1289 1172 1329 1234 ad

178 1247 355 1330 Anglorum
377 1248 456 1310 fines
480 1269 552 1309 cum
575 1245 675 1308 fratre
699 1268 758 1308 suo
781 1261 963 1331 praetaxato
986 1251 1045 1314 sub
1061 1251 1267 1320 festinatione
1282 1258 1330 1320 di·

173 1334 270 1397 rexit.
321 1334 385 1407 Qui
421 1335 568 1396 Scociam
598 1347 806 1418 peragrantes
833 1334 974 1399 latrones
1001 1339 1174 1403 seminudis
1202 1344 1328 1407 natibus

173 1421 366 1498 inciderunt,
384 1420 544 1506 aquibus,
570 1419 670 1505 plagis
693 1421 849 1505 impositis
865 1435 898 1486 et
922 1423 1068 1488 omuibus
1083 1428 1180 1492 rebus
1202 1430 1326 1509 ablatis,

173 1509 228 1571 vix
240 1509 415 1573 semineces
428 1522 610 1572 evaserunt.
636 1506 833 1572 Dunelmum
849 1509 982 1574 tandem
998 1512 1173 1592 venientes,
1185 1516 1226 1578 ad
1244 1517 1328 1581 Hos·

171 1596 280 1681 pitale¹
297 1596 384 1682 quod
407 1608 502 1660 extra
525 1594 611 1659 urbis
638 1595 756 1659 muenia
779 1597 875 1659 situm
900 1611 949 1660 est
973 1597 1194 1678 diverterunt;
1217 1606 1328 1669 crasti-

171 1706 279 1771 noque
295 1683 389 1748 altius
405 1683 633 1760 dilucescente,
647 1682 689 1746 ad
709 1682 802 1747 Beati
821 1684 992 1749 Cuthberti
1016 1688 1197 1772 sepulcrum
1214 1713 1327 1774 perve-

171 1785 298 1835 nerunt.
349 1771 494 1845 Quorum
519 1771 612 1848 alter,
639 1769 750 1848 frater,
782 1770 837 1856 qui
864 1794 958 1835 sanus
984 1774 1164 1854 exstiterat,
1196 1801 1323 1843 onmem

170 1860 344 1944 praemissae
360 1858 496 1922 miseriae
509 1872 657 1922 tenorem
672 1857 797 1922 custodi
812 1857 909 1943 ipsius
925 1861 1060 1945 sepulcri
1085 1863 1208 1947 planius
1224 1888 1325 1952 expo-

170 1948 278 2011 nebat.
329 1946 454 2021 Quibus
470 1945 502 2008 in
518 1959 604 2009 coetu
627 1944 761 2008 fratrum
786 1968 828 2009 ex
853 1946 965 2011 ordine
989 1948 1108 2027 relatis,
1126 1951 1323 2018 orationibus

169 2034 361 2119 peculiarius
384 2033 548 2110 institutis,
573 2032 671 2118 coepit
698 2033 832 2118 quisque
856 2033 1020 2098 ardentilrs
1040 2037 1238 2103 orationibus
1265 2042 1323 2127 piis

170 2120 327 2200 insistere,
345 2136 379 2186 et
397 2121 490 2186 Beati
518 2118 689 2185 Cuthberti
713 2121 828 2204 saepius
851 2135 987 2206 experta
1008 2123 1237 2190 misericordiae
1261 2132 1322 2192 vis-

168 2231 254 2286 cera,
272 2232 367 2295 super
390 2209 546 2293 praedicto
568 2207 734 2290 languido.
749 2206 863 2271 anxius
887 2207 1070 2294 implorare.
1119 2211 1184 2286 Qui
1209 2230 1323 2299 peteu.

168 2298 247 2360 tium
265 2311 340 2360 vota
356 2319 419 2359 non
434 2295 596 2372 differens,
610 2293 745 2358 aliorum
760 2294 837 2358 fidei
859 2309 893 2358 et
908 2298 1089 2363 necessitati
1111 2321 1177 2365 non
1204 2302 1318 2383 defuit,

166 2406 225 2447 nec
245 2383 374 2447 karitati
392 2383 542 2447 fraternae
565 2381 777 2466 compacieuti
800 2383 912 2447 abesse
934 2383 1065 2469 refugit.
1112 2386 1239 2474 Nempe
1267 2392 1320 2457 die

165 2471 323 2557 sequenti,
340 2471 416 2533 dum
432 2469 514 2533 citra
528 2471 608 2532 fines
623 2468 768 2532 ecclesiae
790 2469 832 2533 ad
854 2470 989 2556 quodvis
1012 2495 1092 2557 opus
1113 2474 1202 2539 illum
1218 2479 1321 2542 conti-

164 2557 263 2643 gisset
279 2560 380 2635 exire,
397 2556 503 2620 subito
519 2555 618 2620 oculis
634 2556 767 2620 detersis
783 2555 863 2621 vidit
886 2557 1017 2621 inferitis
1041 2576 1211 2645 congestas
1226 2563 1320 2630 hare-

163 2667 276 2709 narum
297 2667 430 2729 aggeres
455 2658 488 2708 et
514 2643 748 2708 molendinares
770 2656 912 2708 rotarum
937 2660 1047 2710 cantos
1064 2661 1097 2711 et
1112 2648 1219 2714 radios
1235 2675 1269 2716 se
1285 2655 1318 2717 in

162 2732 232 2818 ipso
246 2733 384 2797 fluminis
400 2733 522 2816 impetu
535 2730 833 2795 circumvolventes.
882 2730 967 2805 Quae
979 2746 1047 2796 tum
1059 2737 1198 2819 primum
1213 2738 1317 2803 horni-

162 2843 238 2885 num
250 2819 347 2885 fuisse
362 2821 469 2905 capita
483 2818 656 2904 reputavit,
673 2839 747 2882 nam
764 2818 903 2902 stuporis
921 2819 1045 2884 novitas
1068 2821 1152 2886 forte
1175 2824 1208 2887 in
1230 2828 1315 2892 visis

161 2908 268 2993 specie
280 2907 424 2972 fantasiae
439 2906 608 2969 simulacra
619 2903 790 2988 congessit.
839 2905 966 2970 Exinde
978 2907 1055 2971 dum
1071 2908 1165 2973 altius
1181 2911 1315 2978 hebeta-

160 3008 210 3060 tos
226 3019 293 3080 prae
316 2994 505 3059 claritudine
529 2993 656 3056 insolita
675 2991 759 3054 visus
786 2992 915 3070 extulit,
933 2994 1017 3058 ultra
1036 2995 1139 3080 ripam
1163 2999 1253 3063 vallis
1280 3017 1314 3066 et

158 3082 309 3161 fluminis,
334 3083 498 3168 laquearia
522 3079 766 3144 candidatarum
787 3078 956 3143 domorum
982 3081 1107 3166 planius
1131 3089 1259 3169 aspexit
1280 3104 1314 3154 et

158 3169 370 3234 discernendo
385 3167 547 3254 coguovit.
596 3166 762 3230 Reductus
778 3166 819 3229 ad
828 3167 1006 3245 ecclesiam,
1018 3182 1146 3234 noctem
1159 3170 1246 3237 illam
1263 3189 1314 3239 to-

159 3270 224 3321 tam
251 3257 370 3322 ducere
393 3254 535 3320 decrevit
556 3254 777 3338 insompnem3
807 3253 892 3339 ¹quia
917 3277 973 3340 spe
999 3255 1151 3342 hylarior,
1172 3259 1312 3328 Beatum

162 3344 377 3409 Cuthbertum
388 3344 456 3429 jam
472 3342 531 3406 sibi
545 3353 688 3405 senserat
699 3339 796 3403 fuisse
805 3341 954 3405 beneficii
966 3365 1099 3408 munere
1114 3346 1309 3429 proniorem.

162 3432 259 3497 Unde
269 3433 370 3496 matta
381 3430 441 3495 sibi
457 3430 626 3506 substrata,
637 3428 696 3491 sub
708 3426 895 3512 incorrupto
906 3451 1041 3514 corpore
1056 3431 1187 3514 gloriosi
1200 3434 1311 3500 Ponti-

156 3519 236 3596 ficis,
250 3541 360 3582 omnes
373 3531 478 3582 arctus
488 3515 607 3580 diutirls
620 3513 801 3599 composuit
817 3516 876 3578 sub
892 3514 948 3579 illo
960 3538 1027 3579 suae
1037 3518 1239 3585 multimodae
1251 3524 1309 3588 de·

155 3605 330 3670 solationis.
359 3605 434 3679 Quo
443 3605 554 3669 labore
563 3602 725 3687 fatigatus,
734 3602 804 3686 jam
813 3601 854 3666 ad
865 3602 984 3687 pedum
993 3605 1131 3689 sepulcri
1139 3609 1308 3676 subeunda

154 3693 377 3779 amplectenda
391 3705 425 3756 et
440 3689 656 3756 deosculanda
670 3689 805 3772 vestigia
819 3689 896 3751 foris
912 3689 1006 3754 altius
1021 3692 1151 3776 prodiit,
1165 3709 1199 3759 et
1214 3695 1307 3762 lacri-

154 3782 213 3846 mis
230 3781 367 3845 ubertim
390 3778 617 3854 defluentibus,
636 3776 696 3840 etsi
718 3798 782 3839 non
799 3776 929 3840 vocibus
946 3792 1053 3842 tamen
1069 3781 1166 3844 corde
1182 3786 1307 3849 medul-
1353 3839 1357 3845 .

153 3869 228 3933 litus
251 3867 344 3932 Beati
362 3866 535 3932 Cuthberti
554 3865 758 3929 clementiam
777 3863 948 3927 invocavit.
997 3865 1040 3929 Et
1055 3889 1131 3931 ecce
1146 3868 1304 3952 gloriosus

153 3956 206 4021 ille
232 3955 406 4021 Confessor
435 3953 566 4017 Domini
585 3951 784 4017 Cuthbertus
800 3962 870 4013 toto
895 3974 1030 4037 corpore
1055 3952 1133 4017 albis
1161 3955 1302 4038 indutus,

152 4044 310 4130 mitraque
334 4040 552 4126 sollempniter
574 4039 753 4115 redimitae,
770 4037 886 4101 baculo
909 4039 1063 4123 pastorali
1085 4043 1240 4107 subnixus
1256 4047 1304 4110 af-

151 4129 223 4208 fuit,
242 4132 380 4216 taliaque
397 4128 501 4192 verbis
520 4127 667 4191 Romano
684 4126 792 4211 lepore
808 4125 1002 4209 compositis,
1019 4129 1217 4213 perquirens,
1235 4133 1300 4197 ait:

154 4225 177 4255 ‘⁶
187 4216 284 4295 Quid,
297 4217 508 4303 inquam,tam
519 4213 571 4277 diu
584 4235 681 4291 erras,
693 4225 725 4276 et
741 4213 850 4276 Sancti
865 4212 1036 4277 Cuthberti
1050 4215 1301 4290 misericordiam

592 4392 600 4432 l
615 4389 712 4455 Kepier
725 4386 856 4454 Hospital.
