2924 4966
494 373 673 424 nunnnn.
695 375 898 439 meamus,
919 376 1005 426 nnc.
1275 364 1321 431 51

175 528 240 595 Dei
256 545 304 596 est
324 533 353 598 ei
373 532 491 598 virtute
514 535 675 620 possibile.
723 536 920 600 Mirabilium
943 535 1073 623 quidem
1092 538 1161 623 ejus
1184 539 1322 605 admira-

171 617 267 699 tionis
287 643 421 704 operum
440 644 590 686 numerus
606 624 710 687 nullus
726 637 785 701 est,
803 624 879 710 quia
901 623 1117 708 possibilitatis
1128 625 1225 710 ipsius
1241 627 1321 692 defi-

171 704 255 768 nitus
272 708 470 771 certitudinis
492 710 643 772 terminus
663 710 775 796 aliquis
797 733 863 774 non
886 723 946 774 est.
995 710 1169 791 Quiddam,
1187 714 1318 793 etenim,

170 793 259 940 quod
274 794 411 878 stuporis
427 795 665 860 multitudinem
676 796 834 860 excedere
847 797 1000 874 creditur,
1015 799 1236 885 subsequentis
1249 824 1318 865 esse

193 877 347 943 inoscitur
365 882 508 944 miraculi
527 883 662 961 novitas,
679 896 713 946 et
732 883 850 953 insoliti
869 884 974 968 operis
994 884 1147 962 soliditas,
1165 887 1254 973 quod
1276 889 1319 951 ad

169 963 266 1048 ipsius
282 967 411 1030 honoris
426 969 640 1033 reverentiam
655 992 739 1033 nunc
758 969 983 1055 prosequendo
993 971 1199 1036 describitur.
1229 972 1319 1038 Nau·

170 1062 213 1114 tae
229 1052 369 1137 quidam,
387 1055 464 1117 dum
479 1071 594 1139 pacata
617 1078 748 1142 aequora
768 1057 889 1140 aligero
909 1056 1070 1120 sulcarent
1085 1059 1231 1143 remigio,
1248 1083 1318 1124 om·

168 1137 221 1201 nia
243 1162 406 1224 prospera,
431 1164 527 1225 supra
549 1143 637 1227 quod
659 1157 771 1226 optare
793 1155 977 1226 potuerant,
994 1143 1147 1222 habuere,
1164 1168 1224 1229 pro
1245 1146 1318 1211 des-

169 1223 271 1289 tinato
283 1227 331 1289 sui
346 1228 501 1312 propositi
517 1228 687 1292 desiderio.
721 1229 829 1292 Nichil
845 1229 890 1293 eis
906 1228 1100 1294 difficultatis
1116 1247 1300 1297 occurrerat
1306 1258 1315 1310 ;

166 1310 262 1375 nichil
279 1315 367 1399 quod
387 1315 519 1399 alicujus
535 1315 718 1380 offendiculi
734 1316 999 1400 impedimentum
1014 1339 1169 1400 generare
1192 1341 1315 1403 praeva-

166 1397 265 1462 lebat.
315 1400 380 1473 Qui
396 1401 588 1489 quandoque
607 1402 749 1486 jocando
763 1403 917 1466 laxabant
936 1402 1019 1466 retia
1036 1405 1070 1465 in
1085 1417 1262 1489 capturam,
1280 1421 1314 1470 et

164 1485 322 1569 piscantes
338 1489 571 1552 contrahebant
592 1488 713 1573 praedae
727 1489 966 1553 multitudinem
982 1490 1154 1573 copiosam.
1203 1491 1314 1576 Nego-

164 1571 269 1635 ciandi
293 1574 422 1660 quidem
441 1598 521 1659 opus
536 1588 692 1639 noverant
708 1588 741 1639 et
758 1587 865 1640 tamen
880 1575 1059 1660 piscatoriae
1073 1576 1150 1640 artis
1165 1578 1314 1662 peritiam

163 1679 223 1742 pro
238 1656 330 1724 libito
346 1664 552 1727 exercebant.
600 1661 685 1725 Nam
704 1662 782 1725 dum
801 1662 905 1726 sereni
920 1661 1002 1725 aeris
1021 1662 1192 1727 clementia
1214 1665 1313 1730 dabat

163 1746 326 1829 spaciandi
339 1749 447 1818 locum
463 1749 528 1812 sive
544 1748 624 1812 lucri
638 1749 809 1832 cujuslibet
824 1749 1087 1826 emolumentum,
1101 1761 1238 1836 utraque
1254 1774 1312 1816 ex-

109 1871 111 1875 <
162 1834 315 1896 ercebant
330 1849 557 1919 protempore,
569 1848 602 1899 et
617 1837 806 1922 quaerebant
821 1834 919 1899 victui
934 1835 1112 1899 necessaria
1125 1858 1185 1919 pro
1200 1860 1311 1902 aerum

163 1931 197 1982 et
213 1932 394 2004 temporum
408 1923 575 1985 moderata
590 1921 837 2006 dispensatione.
885 1922 1048 2006 Tempore
1064 1920 1163 2006 igitur
1177 1923 1250 2000 isto,
1262 1948 1312 1989 se-

162 2028 236 2068 cum
260 2020 396 2093 utraque
421 2009 664 2083 conduxerant3
688 2009 764 2094 quia
785 2007 906 2073 retibus
928 2020 962 2071 et
983 2008 1142 2072 mercibus
1164 2009 1224 2073 hac
1240 2012 1310 2076 vice

161 2091 318 2157 honerate
332 2095 404 2158 navi
427 2095 667 2159 habundabant.
715 2094 842 2179 Nempe
863 2095 968 2181 siquid
982 2094 1125 2179 piscandi
1147 2096 1309 2162 laboribus

162 2179 384 2265 adquisissent‚
396 2196 462 2245 tam
477 2181 603 2249 adestis
618 2180 667 2244 sui
682 2180 801 2245 cibaria
812 2204 909 2267 quam
923 2180 965 2244 ad
978 2181 1138 2245 vendendi
1153 2205 1310 2249 commer-

161 2265 211 2329 cia
225 2289 334 2330 secum
349 2268 520 2353 deportare
543 2269 733 2353 potuissent.
782 2269 834 2331 Ad
849 2267 967 2331 vicinas
986 2267 1011 2330 si
1034 2268 1142 2333 uidem
1160 2269 1308 2354 regiones

162 2353 214 2415 vel
229 2367 366 2418 semotas
385 2356 579 2455 quandoque
599 2355 792 2438 navigabant
815 2377 874 2439 pro
889 2291 1065 2418 vendenlis
1084 2356 1310 2440 negotiationi·

160 2439 232 2516 bus,
258 2440 324 2506 sive
348 2465 408 2526 pro
437 2441 649 2505 mercimoniis
676 2441 922 2525 comparandis:
955 2463 1183 2528 nonnunquam
1216 2467 1305 2524 vero,

161 2525 243 2589 sicut
258 2541 292 2591 et
307 2529 415 2606 modo,
433 2528 560 2592 marinis
584 2528 789 2592 immorantes
808 2527 968 2604 fluctibus,
985 2528 1128 2612 piscandi
1143 2531 1246 2613 gratia
1260 2531 1308 2596 in-

160 2612 326 2679 sistebant.
376 2616 491 2680 Subito
507 2638 585 2699 ergo
600 2623 688 2679 mare
705 2615 883 2678 turbinibus
899 2617 1024 2699 agitur;
1040 2615 1190 2679 fluctibus
1204 2617 1308 2704 inqui-

159 2699 219 2762 etis
249 2703 478 2785 perturbatum
516 2715 550 2767 et
577 2714 805 2786 tempestatum
834 2700 923 2764 furiis
954 2701 1126 2787 inquietius
1155 2704 1306 2787 agitatur.

162 2785 293 2851 Fluctus
309 2790 415 2853 navim
434 2789 610 2854 lateraliter
624 2788 792 2873 impellunt
808 2799 841 2852 et
856 2787 1018 2871 rejiciunt3
1035 2810 1119 2852 nunc
1133 2811 1263 2874 proram
1274 2792 1307 2854 in

159 2894 235 2937 aera
250 2877 443 2941 extollentes
459 2877 602 2960 erigunt;
624 2898 709 2938 nunc
725 2875 768 2938 ad
782 2874 877 2937 maris
892 2874 1002 2937 infima
1017 2873 1050 2936 in
1064 2875 1243 2961 praecipitio
1258 2879 1306 2941 di-

159 2959 281 3025 ducunt
292 2986 300 3037 3
316 2964 414 3026 modo
426 2963 541 3047 puppis
554 2984 725 3046 supprema
736 2962 944 3025 absorbentes
956 2960 1091 3037 alluunt,
1109 2984 1193 3025 nunc
1205 2964 1307 3028 unda-

158 3068 229 3109 rum
252 3049 468 3132 spumantium
493 3049 609 3133 pocula
629 3048 811 3111 infundunt.
859 3046 998 3130 Frigoris
1021 3060 1129 3111 tamen
1152 3049 1306 3132 asperitas

158 3146 248 3197 tanta
262 3135 464 3199 inhorruerat
487 3135 576 3221 quod
597 3135 738 3218 algentia
759 3134 905 3197 membra
926 3132 1014 3195 nulla
1036 3145 1105 3197 arte
1128 3135 1304 3200 calefacere

157 3221 386 3302 praevalebant.
436 3221 519 3285 Vela
533 3220 664 3284 tandem
684 3220 787 3282 nimiis
811 3218 1059 3303 temptationum
1085 3220 1192 3283 flabris
1214 3221 1305 3284 dissi-

156 3306 292 3371 lierant:
309 3307 410 3370 malus
432 3307 597 3371 exmedio
613 3307 792 3371 confractus
816 3317 1057 3388 concrepucrat,
1075 3318 1108 3369 et
1124 3307 1303 3372 turbinibus

156 3392 317 3478 dissipatae
344 3395 526 3459 tabularum
550 3395 712 3478 juncturae
737 3393 806 3477 jam
832 3414 914 3476 pene
945 3391 1107 3454 dissolutae
1136 3395 1302 3475 patebant.

158 3479 276 3544 Manus
289 3481 387 3544 etiam
397 3480 430 3544 in
439 3479 578 3564 remigiis
588 3479 763 3543 retinendis
770 3480 840 3563 jam
851 3477 1047 3554 defecerant,
1060 3478 1217 3578 undisque
1229 3503 1303 3544 cum

155 3567 254 3630 nimio
263 3567 413 3652 ponderis
426 3567 548 3652 impetu
560 3565 855 3650 supercadentibuS,
866 3565 907 3626 de
917 3564 1037 3626 viribus
1048 3564 1302 3631 lascescientium

155 3654 289 3738 remigia
302 3655 371 3740 ipsa
386 3677 427 3718 ex
450 3666 542 3738 parte
557 3653 776 3728 detraxerant,
793 3663 982 3736 partemque
1001 3650 1161 3714 residuam
1177 3652 1236 3735 ipsi
1251 3676 1302 3718 re-

154 3741 293 3806 nitentes
318 3741 508 3805 detrivendo
523 3739 767 3823 confregerant.
824 3735 933 3799 Nauta
955 3736 1084 3821 insuper
1107 3751 1301 3823 armaturam

154 3828 327 3913 regiminis,
345 3830 408 3915 qua
422 3827 511 3891 navis
527 3827 652 3911 disponi
667 3826 834 3901 debuerat,
852 3823 979 3897 amisit3
1003 3836 1036 3886 ct
1048 3823 1135 3886 navis
1151 3824 1218 3889 sine
1241 3848 1301 3910 gu.

153 3916 318 3979 bernaculi
341 3916 497 3979 destituta
511 3913 675 3989 solamine,
692 3932 884 4011 quocunque
904 3909 1042 3993 impetus
1057 3910 1214 3974 fluctuum
1230 3914 1301 3996 jac-

154 4015 278 4067 taverat
293 4002 479 4067 dissiliebat.
526 4001 618 4063 Tunc
634 4021 736 4063 omms
752 4020 822 4082 spes
836 3997 910 4061 vitae
925 3996 1032 4060 ablata
1046 3996 1162 4074 fuerat,
1180 3999 1301 4064 nullus·

153 4113 227 4178 que,
238 4090 297 4152 nisi
312 4090 423 4154 mortis
439 4088 535 4152 solius
550 4087 674 4152 exitum
685 4087 726 4150 de
739 4085 784 4149 eis
799 4083 1005 4170 aliquomodo
1020 4105 1147 4167 sperare
1159 4085 1299 4152 valebat.

156 4177 221 4261 Ipsi
237 4190 355 4254 tamen,
373 4177 428 4263 qui
451 4175 525 4239 vitae
549 4173 740 4259 spiraculum
762 4193 829 4256 prae
852 4171 964 4234 mortis
979 4173 1095 4235 timore
1112 4171 1184 4256 jam
1206 4195 1299 4257 paene

152 4265 334 4342 amiserant,
352 4286 532 4347 exsangues
553 4274 586 4325 et
607 4258 808 4324 semianimes
831 4257 1096 4342 procumbebant,
1120 4279 1180 4323 nec
1201 4262 1301 4342 verba

152 4353 203 4416 vel
219 4351 316 4417 etiam
333 4374 426 4415 voces
442 4348 671 4415 conformando
687 4366 879 4430 componere
894 4344 1124 4429 praevalebant.
1173 4344 1298 4434 Quibus

693 4455 714 4497 n
731 4437 751 4496 2
1250 4446 1282 4465 ’“
