2924 4966
180 371 204 444 6
531 389 747 441 anornnnnr
776 392 975 456 monacus,

182 558 235 622 De
260 576 396 656 quorum
419 553 639 639 innumerabili
661 555 863 619 multitudine
888 579 943 619 vos
974 556 1122 644 quaedam
1140 556 1332 621 multociens

179 644 326 708 retulisse
360 641 577 725 cognovimus,
609 665 692 728 quae,
724 642 876 706 revolutis
912 643 1139 707 Dunehnensis
1176 643 1333 708 Ecclesiae

180 730 330 806 historiis,
348 752 389 793 ex
405 729 472 792 sola
491 729 694 812 negligentiae
713 729 833 793 incuria
855 753 920 793 non
942 730 1037 793 fuisse
1061 730 1224 815 descripta
1244 753 1334 796 com·

180 817 384 902 probavimus
409 863 416 878 .
444 815 495 879 Ex
510 815 635 902 quibus,
656 816 787 880 Patrum
810 817 1061 901 praecedentium
1084 817 1334 881 sollicitudinem

183 905 371 968 incuriosam
386 925 428 966 ex
444 902 539 966 nimia
555 903 736 966 temeritate
751 926 817 966 non
832 905 1002 987 arguimus,
1017 904 1091 990 quia
1105 905 1163 982 eis,
1177 927 1220 968 ex
1234 905 1333 989 ipsius

181 990 307 1055 virtutis
334 989 501 1068 miraculis,
518 990 667 1077 quaedam
689 990 849 1053 suffecisse
872 993 1094 1076 probatissima
1115 991 1297 1075 judicamus
1324 1039 1333 1055 .

185 1079 397 1164 'l'aediiunque
428 1089 496 1140 erat
526 1077 570 1141 eis
598 1089 713 1142 cuncta
734 1077 927 1156 describere,
952 1102 1025 1142 cum
1054 1077 1164 1163 lingua
1192 1079 1334 1143 humana

183 1165 237 1230 vix
253 1166 294 1229 de
309 1163 454 1228 maximis
478 1165 626 1249 quaedam
648 1164 771 1228 minuta
786 1165 890 1228 valeat
906 1166 1066 1250 explicare
1092 1213 1100 1229 .
1128 1165 1171 1228 Et
1186 1165 1333 1230 sufficere

182 1253 368 1328 credebant,
385 1274 444 1335 pro
464 1265 593 1316 assertae
618 1251 759 1314 veritatis
783 1251 976 1330 testimonio,
993 1275 1066 1339 quae
1089 1252 1252 1317 cotidiano
1274 1275 1335 1338 per

181 1339 285 1425 ipsum
306 1339 377 1402 fieri
400 1338 545 1403 viderant
568 1339 766 1402 incremento
791 1385 799 1401 .
826 1339 921 1416 Nam,
945 1340 1073 1416 cotidie,
1098 1361 1184 1404 nova
1205 1340 1333 1424 operari

183 1450 248 1490 non
264 1425 389 1502 desinit,
407 1448 541 1512 quorum
556 1425 681 1490 infinita
696 1425 868 1489 multitudo
883 1426 1068 1513 quantitatis
1083 1449 1253 1490 numerum
1267 1449 1334 1490 non

182 1511 323 1579 admittit
362 1559 371 1576 .
412 1512 552 1599 Eratque
583 1512 788 1597 superfluum,
817 1514 898 1577 velle
929 1514 1051 1598 scriptis
1082 1513 1233 1591 inserere,
1281 1537 1334 1577 uae

182 1603 308 1688 paginae
318 1599 539 1664 insufficientia
550 1622 615 1663 non
627 1612 754 1684 poterat
767 1601 1009 1685 complectendo
1025 1601 1189 1665 includere
1215 1649 1222 1663 .
1249 1537 1331 1678 llos,

183 1710 272 1767 vero,
290 1687 354 1774 qui,
372 1687 533 1751 modernis
556 1686 764 1770 temporibus,
782 1686 877 1771 ipsius
899 1688 1059 1772 magnalia
1081 1688 1227 1765 vidimuS,
1245 1688 1334 1751 cohi-

183 1778 261 1841 bere
276 1798 316 1840 ea
330 1775 456 1839 silentio
467 1796 532 1838 non
548 1775 689 1838 valemus
714 1820 722 1835 .
749 1773 821 1836 Sed·
830 1774 870 1838 de
886 1776 992 1838 multis
1015 1797 1087 1839 rara
1109 1775 1309 1859 excerpimus
1323 1799 1333 1850 ;

183 1863 259 1951 quia
271 1862 412 1946 florigeri
427 1862 511 1946 prati
526 1883 634 1925 aream
649 1873 900 1924 transcurrentes
920 1861 1084 1946 cujusdam
1099 1861 1251 1946 manipuli
1266 1884 1335 1925 rna-

183 1951 284 2015 nualis
298 1973 446 2013 acervum
459 1949 500 2012 de
516 1948 647 2012 floribus
664 1947 830 2011 odoriferis
843 1948 875 2011 in
891 1972 954 2011 uno
970 1948 1155 2032 collegimus
1181 1996 1189 2012 .
1216 1947 1335 2012 Omnia

183 2037 305 2101 etenim
321 2059 415 2099 nemo
430 2046 538 2120 potest
553 2035 699 2109 edicere3
722 2055 781 2096 nec
797 2034 920 2118 singula
931 2035 971 2098 de
983 2035 1090 2099 multis
1100 2047 1335 2120 consequenter

185 2123 366 2223 exprimere
391 2170 399 2185 .
424 2122 628 2187 Materialem
643 2136 751 2185 tamen
767 2123 974 2186 substantiam
992 2123 1033 2185 de
1049 2123 1154 2185 verbis
1170 2121 1285 2185 nostris
1301 2122 1335 2184 in

186 2210 361 2296 pnmordio
377 2209 540 2272 elicuimus
555 2234 563 2284 ;
587 2210 722 2272 undeet
740 2211 970 2295 subsequenter
992 2232 1031 2272 ea
1053 2232 1126 2295 quae
1149 2209 1181 2271 in
1197 2208 1334 2272 veritate

186 2309 279 2381 gesta
300 2295 574 2380 comprobavimus
597 2296 726 2360 inferius
749 2296 928 2380 adjicienda
949 2295 1128 2380 putavimus
1158 2343 1166 2358 .
1192 2294 1277 2358 Nam
1299 2309 1335 2358 et

187 2384 350 2460 miracula,
367 2405 439 2469 quae
462 2405 481 2444 a
500 2383 611 2446 vestris
634 2383 889 2468 progenitoribus
912 2383 1001 2446 vobis
1025 2383 1112 2446 edita
1133 2382 1225 2446 nobis
1248 2405 1336 2445 com-

187 2470 380 2536 municanda
409 2468 554 2546 duxistis,
579 2483 613 2533 et
640 2471 730 2533 nobis
760 2470 853 2554 hujus
884 2469 987 2553 operis
1014 2469 1184 2533 inchoandi
1215 2469 1334 2533 dedere

188 2557 321 2622 fervoris
344 2556 483 2633 inicium,
506 2568 539 2619 et
562 2557 603 2620 de
626 2559 734 2620 nostrat
756 2557 877 2641 pietate
898 2557 1110 2641 indesperatae
1137 2556 1335 2620 credulitatis

188 2645 373 2728 exemplum
397 2691 405 2706 .
431 2642 602 2729 Quicquid,
616 2644 745 2720 etenim,
760 2645 800 2707 de
814 2667 869 2707 ore
881 2655 988 2706 vestro
1004 2667 1063 2727 pro
1075 2643 1210 2707 veritate
1221 2642 1333 2718 effluit,

189 2731 285 2795 solius
301 2730 439 2794 archana
453 2730 614 2793 suavitatis
637 2731 833 2794 auditoribus
848 2729 969 2793 cunctis
977 2729 1119 2810 infundit
1144 2777 1151 2793 .
1179 2730 1277 2794 Unde
1293 2729 1335 2792 de

189 2818 259 2882 rivo
277 2816 373 2881 sontis
396 2815 559 2900 sapientiae
582 2817 688 2900 poculi
710 2817 878 2902 spiritualis
901 2816 1119 2901 praefibamina
1139 2817 1334 2892 haurientes,

189 2928 254 2992 quo
281 2904 413 2990 amplius
440 2925 479 2966 ea
504 2903 691 2967 ruminando
714 2905 879 2968 nobiscum
904 2904 1182 2980 contrectavimus,
1205 2926 1244 2966 eo
1267 2902 1337 2986 ipsa

190 2992 313 3056 dulcius
340 2992 447 3076 palato
474 2989 603 3054 discreti
628 2992 766 3074 pectoris
792 2990 930 3075 sapuisse
958 2990 1164 3075 cognovimus
1193 3037 1201 3053 .
1231 2988 1337 3052 Haesit

191 3079 287 3165 igitur
302 3079 420 3154 animo,
437 3078 519 3140 sedit
542 3076 711 3154 desiderio,
729 3078 853 3162 irrepsit
868 3077 1007 3161 ingenio,
1024 3078 1153 3164 aliquod
1176 3099 1337 3140 commen-

184 3181 261 3231 >tum
287 3165 417 3251 saporis,
442 3165 604 3250 quoddam
630 3164 868 3229 condimentum
891 3165 1039 3240 dulcoris,
1060 3163 1224 3251 quidpiam
1245 3162 1337 3225 fulci-

181 3266 335 3318 mentum
346 3251 465 3336 teporis
478 3251 518 3314 de
533 3251 582 3315 his
594 3273 805 3335 componere3
821 3264 865 3330 et,
884 3253 941 3314 sub
953 3251 1118 3315 brevitatis
1133 3249 1334 3334 compendio,

191 3343 284 3427 plura
308 3338 470 3404 includere
500 3387 507 3400 .
537 3337 609 3401 Nec
635 3339 769 3402 materia
794 3339 975 3424 praeclarior
1002 3339 1052 3401 vel
1078 3336 1337 3402 forma‘nitidior

192 3428 298 3514 aliqua
312 3425 441 3501 effulsit,
455 3425 514 3488 nisi
536 3449 609 3511 quae
632 3424 672 3488 de
700 3425 792 3489 Beati
819 3426 994 3490 Cuthberti·
1005 3425 1129 3488 virtutis
1144 3423 1288 3508 potentia
1303 3436 1337 3486 et

191 3515 416 3579 miraculorum
438 3512 538 3596 gloria
560 3535 603 3575 ex
626 3513 766 3577 veritatis
789 3513 911 3597 origine
934 3525 967 3576 et
989 3511 1194 3576 beatitudinis
1217 3510 1336 3574 semine

181 3603 309 3666 'nativae
332 3599 485 3686 processit
514 3646 522 3662 .
552 3600 605 3662 Ad
627 3600 778 3664 miracula
798 3601 934 3686 denique
953 3599 1047 3663 Beati
1073 3596 1243 3663 Cuthberti
1266 3596 1349 3659 des-⁹

192 3689 345 3753 cribenda
368 3687 588 3751 membranula
611 3687 812 3763 exscidimus,
838 3710 957 3771 pennas
983 3685 1274 3760 calamistravimus,
1303 3696 1336 3745 et

193 3777 296 3840 teneri
322 3773 419 3838 studii
445 3774 642 3857 diligentiam
668 3775 884 3859 coaptavimus
912 3822 920 3837 .
951 3774 993 3837 Et
1019 3772 1180 3848 miracula,
1198 3794 1270 3857 quae
1295 3770 1336 3832 de

192 3864 283 3927 vobis
299 3860 455 3946 primitive
471 3860 647 3937 didicimus,
662 3884 720 3945 pro
735 3862 832 3924 vestri
846 3861 975 3924 honoris
990 3859 1177 3935 reverentia,
1194 3859 1227 3921 in
1242 3857 1337 3941 ipsius

194 3949 298 4034 operis
314 3948 487 4032 primordio
502 3947 728 4031 praemittendo
743 3948 923 4012 describere
934 3947 1171 4032 procuravimus
1195 3993 1203 4008 .
1230 3946 1337 4029 Atque

182 4035 257 4112 illa,
275 4058 347 4122 quae
362 4034 506 4119 primitus
521 4048 594 4098 sunt
609 4046 710 4118 gesta,
724 4035 864 4098 seriatim
883 4035 916 4097 in
931 4057 995 4098 uno
1011 4047 1163 4117 congesta
1178 4031 1339 4115 compegi-

193 4145 285 4185 mus:
310 4144 394 4208 quae,
412 4144 499 4198 vero,
524 4124 754 4210 subsequenter
776 4123 901 4198 effecta,
926 4121 1111 4205 collegimus
1135 4141 1287 4193 seorsum,
1305 4129 1338 4180 et

195 4209 324 4274 inferius
341 4206 373 4269 in
396 4230 453 4271 suo
475 4208 587 4272 ordine
610 4209 805 4273 sublocanda
826 4209 1005 4293 putavimus
1030 4256 1038 4272 .
1064 4206 1227 4270 Nonnulla
1249 4227 1337 4279 vero,

194 4319 266 4382 quae
283 4296 315 4358 in
330 4294 465 4358 veritate
481 4294 566 4358 facta
581 4295 796 4378 cognovimus
813 4296 846 4358 in
869 4296 940 4358 loco
963 4319 1020 4359 suo
1040 4308 1073 4358 et
1096 4293 1207 4356 ordine
1223 4293 1339 4374 subpo-

183 4384 312 4447 'suimus
352 4429 359 4444 .
404 4381 455 4444 De
486 4382 591 4443 multis
623 4395 729 4444 tamen
759 4382 972 4465 decerpsimus
1003 4383 1107 4467 aliqua
1136 4402 1209 4465 quar
1239 4376 1339 4460 magis
