2924 4966
204 396 228 460 d
554 410 770 460 assianum
800 402 996 475 nonnoni,

203 574 380 650 inflectunt,
397 572 471 658 quia
486 572 597 658 rigoris
613 573 735 658 asperie
751 573 958 638 indurescunt
983 621 991 639 .
1022 573 1116 639 Solus
1133 596 1211 640 vero
1229 573 1355 642 Beatus

206 661 403 726 Cuthbertus
420 661 512 745 liujus
528 661 604 724 doni
619 661 785 746 privilegio
800 660 921 724 caelesti
936 684 1068 737 munere
1083 662 1215 741 ditatur,
1230 677 1264 728 et
1280 687 1358 731 arra

204 761 335 812 oeternae
350 748 624 825 remunerationis,
642 747 712 810 talis
724 748 843 832 ,gloriae
859 748 1012 814 donativo
1031 749 1165 813 dotatur
1188 799 1196 814 .
1222 751 1356 837 Nempe

202 835 338 897 bominis
366 834 511 912 viventis,
539 835 679 921 quodam
709 836 817 912 modo,
849 835 987 919 effigiem
1016 850 1232 921 representat,
1259 839 1354 917 dum,

203 921 300 986 instar
316 921 499 986 mobilitatis
515 923 635 997 refluae,
649 923 756 985 omnia
775 925 991 987 membrorum
1006 923 1192 1001 sinuamina,
1210 925 1356 1024 quodam

203 1009 419 1093 supercaelesti
443 1021 476 1073 et
500 1010 628 1073 archani
650 1008 793 1072 miraculi
820 1033 949 1093 genere,
974 1010 1168 1074 inflectendo
1190 1012 1300 1096 plicat,
1319 1027 1356 1077 et

107 1090 112 1111 '
202 1097 386 1180 replicando
401 1096 577 1160 consolidat
598 1144 606 1160 .
628 1096 710 1159 Haec
725 1095 868 1181 specialis
883 1097 970 1162 beati
985 1098 1157 1162 Cutlrberti
1172 1099 1275 1183 gloria
1290 1114 1354 1178 est,

202 1207 275 1268 quae
296 1182 402 1247 multis
427 1184 616 1248 Sanctorum
638 1183 808 1249 virtutibus
831 1184 1083 1269 incomparabilis
1098 1199 1148 1250 est
1172 1233 1181 1250 .
1211 1186 1357 1260 Quantae

204 1269 300 1353 igitur
325 1270 498 1334 sanctitatis
530 1271 586 1334 dat
614 1271 760 1334 omnibus
788 1272 1054 1356 experimentum,
1081 1272 1136 1358 qui
1160 1286 1259 1336 tautae
1285 1297 1357 1358 prae

203 1357 310 1420 multis
340 1356 562 1440 praerogativae
592 1358 767 1422 honestatis
797 1358 922 1423 obtinet
951 1358 1175 1443 privilegium!
1237 1360 1356 1424 Multis

203 1443 299 1527 igitur
314 1444 539 1528 superexcellit
562 1446 750 1508 Sanctorum
774 1445 905 1523 meritis
922 1445 977 1532 qui
997 1458 1063 1509 tam
1086 1446 1236 1530 singulari
1251 1448 1357 1531 pollet

203 1530 305 1615 gloria
331 1531 506 1595 sanctitatis
542 1580 550 1596 .
587 1531 745 1596 Miracula
767 1532 885 1618 itaque,
906 1533 1007 1596 multa
1025 1547 1058 1597 et
1078 1533 1205 1597 insolita
1224 1533 1356 1600 efficere

204 1618 299 1703 ipsius
316 1618 411 1682 solius
427 1619 580 1702 potentiae
596 1632 655 1694 est,
673 1621 762 1704 cujus
777 1620 944 1704 peculiaris
960 1621 1070 1704 gloriae
1086 1621 1229 1706 specialis
1245 1623 1359 1686 excel-

202 1705 311 1771 lentiae
326 1705 475 1770 honestas
491 1718 524 1770 et
540 1706 677 1789 dignitas
700 1721 796 1792 atque
819 1707 952 1771 facultas
975 1720 1043 1783 est;
1070 1708 1232 1785 honestas,
1249 1709 1357 1773 carnis
1387 1733 1391 1739 ·

204 1792 368 1877 palpabilis
385 1807 417 1857 et
430 1792 653 1878 imputribilis3
683 1793 832 1877 dignitas,
852 1794 993 1857 omnium
1014 1796 1231 1859 membrorum
1250 1795 1358 1860 flexu-

205 1903 261 1944 osa
283 1881 441 1944 mobilitas
464 1894 498 1944 et
526 1880 721 1965 insolubilis3
745 1881 889 1958 facultas,
917 1880 1063 1957 virtutis3
1087 1881 1119 1944 iu
1139 1882 1188 1946 his
1206 1882 1357 1949 omnibus

203 1966 406 2031 immutabilis
430 1990 636 2052 perseverans
658 1967 836 2032 constantia
859 1981 1017 2053 perpetuo
1039 1969 1071 2032 in
1095 1969 1197 2053 gloriis
1220 1981 1356 2034 aeternae

195 2052 364 2117 ‘felicitatis
393 2102 400 2117 .
432 2055 498 2118 Sed
518 2055 593 2154 quia
611 2055 712 2118 multa
730 2068 764 2119 et
783 2055 1018 2139 inexplicabilia
1036 2055 1190 2119 virtutum
1206 2056 1357 2142 prodigia

206 2163 264 2226 per
288 2141 390 2225 ipsum
414 2141 483 2204 fieri
506 2141 640 2204 vidimus
657 2155 690 2206 et
714 2142 891 2219 didicimus
909 2166 948 2206 ea
962 2143 1080 2228 scripto
1095 2143 1258 2206 memoriae
1281 2166 1359 2228 pos-

206 2227 281 2295 teris
308 2228 532 2292 commendare
552 2251 611 2312 pro
634 2229 745 2293 debito
766 2229 862 2314 ipsius
886 2230 1008 2294 honore
1033 2225 1237 2294 commodum
1259 2231 1358 2294 duxi-

204 2337 274 2378 mus
323 2361 330 2378 .
382 2314 418 2377 In
449 2315 554 2400 hujus,
585 2328 702 2394 tamen,
738 2317 835 2383 studii
869 2340 999 2402 operam
1036 2317 1193 2381 Dominus
1224 2316 1358 2382 AEthel-

204 2401 311 2477 redns,
338 2401 445 2465 Abbas
472 2402 691 2479 Rievalleusis,
717 2404 816 2467 nostri
840 2404 960 2467 timoris
978 2404 1142 2469 roboravit
1164 2404 1355 2469 audaciam:

206 2488 260 2573 qui
290 2486 403 2572 saepius
437 2512 501 2551 uon
534 2490 622 2553 nulla
653 2490 805 2554 miracula
838 2491 941 2569 nobis,
972 2493 1103 2556 beatum
1136 2491 1356 2556 Cuthbertum

205 2574 450 2659 magnificando,
479 2576 609 2653 retulit3
639 2600 775 2677 quorum
802 2580 923 2642 crebrae
953 2578 1168 2642 meditationis
1198 2578 1357 2644 memoria

204 2661 305 2726 nostri
327 2663 462 2747 torporis
478 2664 636 2748 ignaviam
654 2688 686 2727 m
706 2688 786 2750 opus
806 2667 1000 2751 subsequens
1019 2666 1271 2750 aggrediendum
1285 2661 1356 2730 airi-

205 2750 322 2813 mando
338 2750 509 2815 concitavit
534 2799 542 2815 .
568 2752 726 2816 Miracula
740 2751 837 2835 igitur
849 2775 921 2838 quae
937 2753 978 2816 de
994 2752 1089 2837 ipsius
1112 2776 1168 2817 ore
1184 2752 1355 2816 didicimus

204 2835 300 2921 ipsius
317 2837 477 2902 autentica
499 2838 666 2904 sanctitate
686 2862 754 2903 esse
775 2839 915 2905 veridica
929 2863 993 2903 non
1008 2839 1177 2904 diffidimus
1213 2889 1221 2904 .
1260 2840 1357 2904 Veri·

205 2924 319 3010 loquus
339 2924 468 3012 quidem
487 2949 555 2989 esse
576 2950 640 2990 non
662 2925 768 3011 potuit
798 2928 886 3011 cujus
911 2926 1045 3012 perfecti
1061 2926 1165 3011 operis
1187 2927 1356 3012 exemplar

205 3023 239 3075 et
254 3011 389 3075 sormam
404 3013 530 3096 pietatis
550 3027 584 3077 et
606 3014 739 3098 gloriam
755 3013 929 3078 sanctitatis
945 3014 1165 3100 religiosoeque
1184 3036 1356 3079 conversa-

206 3099 300 3163 tionis
316 3100 485 3163 clementia
499 3100 609 3184 pandit
638 3149 646 3164 .
674 3101 756 3174 Quae
770 3101 907 3186 primum
923 3101 1074 3165 miracula
1091 3099 1124 3163 in
1139 3124 1197 3165 suo
1212 3100 1355 3166 seriatim

205 3187 317 3249 ordine
342 3186 592 3292 praeposuimus;
624 3187 730 3274 aliqua
755 3200 863 3252 tamen
889 3188 1029 3273 ipsorum
1055 3210 1198 3252 seorsum
1218 3187 1250 3250 in
1274 3187 1354 3251 locis

205 3273 363 3337 ordinarie
390 3275 645 3359 competentibus
671 3274 894 3339 collocavimus
928 3323 936 3338 .
972 3275 1037 3339 Sed
1052 3274 1212 3360 quoniam,
1233 3289 1354 3359 praeter
1384 3319 1391 3331 ι

205 3360 286 3438 haec,
312 3361 413 3425 multa
435 3361 497 3425 alia
518 3361 701 3426 inveritate
725 3364 765 3425 ab
784 3385 824 3426 eo
843 3374 935 3447 gesta
953 3362 1130 3439 didicimus,
1147 3363 1217 3424 haec
1236 3362 1354 3426 eadem

206 3445 265 3511 illis
282 3461 452 3512 annectere
468 3449 519 3512 vel
535 3450 727 3534 subjungere
743 3462 847 3513 ratum
863 3449 959 3514 fuisse
974 3448 1154 3534 putavimus
1182 3497 1190 3512 .
1220 3448 1355 3533 Singula

206 3547 314 3599 tamen
330 3535 374 3599 ita
388 3535 465 3599 locis
481 3537 729 3621 congruentibus
745 3537 942 3613 inseruimus,
960 3537 1040 3600 sicut
1055 3558 1161 3600 annua
1174 3549 1356 3601 momento-

206 3645 277 3685 rum
293 3636 439 3708 tempora
453 3624 623 3691 defluxisse
639 3624 863 3709 perpendimus
888 3673 895 3688 .
921 3624 997 3687 Non
1012 3623 1099 3686 nulla
1109 3623 1206 3687 etiam
1217 3623 1356 3688 necessi-

207 3709 280 3773 tatis
297 3709 445 3774 instantia
460 3710 505 3774 ita
514 3712 650 3794 jubebat
666 3712 815 3787 inserere,
833 3712 914 3775 sicut
930 3710 1142 3795 eapotuimus
1154 3711 1194 3774 ab
1211 3709 1278 3772 aliis
1290 3709 1355 3773 dis-

207 3796 310 3860 cendo
333 3798 449 3862 elicere
475 3847 482 3861 .
508 3799 641 3863 Testem
665 3799 823 3863 tamenin
842 3797 987 3862 omnibus
1010 3797 1069 3872 his,
1092 3797 1227 3861 Beatum
1250 3796 1354 3861 Cuth-

205 3884 333 3946 bertum
360 3884 450 3948 nobis
477 3886 680 3962 advocamus,
707 3886 794 3972 quod
820 3886 897 3949 nihil
920 3885 1046 3969 penitus
1084 3883 1135 3948 hic
1172 3882 1353 3949 describere

207 3971 463 4055 presumpsimus,
480 3972 539 4036 nisi
563 3997 634 4060 quae
658 3972 689 4036 in
717 3973 851 4036 veritate
870 3974 910 4037 ab
934 3995 973 4035 eo
997 3982 1098 4055 gesta,
1115 3973 1174 4036 sub
1193 3971 1354 4036 differenti

208 4069 315 4119 tamen
330 4070 485 4142 tempore,
503 4060 778 4146 comprobavimus
803 4106 810 4122 .
836 4059 912 4123 Non
924 4059 1009 4122 enim
1021 4069 1096 4142 eget
1114 4059 1233 4122 Beatus
1252 4057 1356 4122 Cuth-

206 4144 317 4207 bertus
332 4144 476 4209 falsitatis
492 4147 677 4232 compositae
693 4146 886 4223 testimonio,
904 4145 958 4232 qui
979 4145 1124 4209 omnibus
1145 4146 1250 4208 elucet
1270 4167 1355 4208 sum-

207 4253 269 4296 mae
275 4230 417 4296 veritatis
429 4235 578 4319 exemplo
596 4281 604 4297 .
624 4235 733 4310 Unde,
743 4232 821 4295 nihil
833 4232 951 4317 scripto
961 4233 1185 4296 commendare
1196 4231 1354 4295 voluimus

207 4317 266 4381 nisi
282 4319 368 4404 quod
384 4317 415 4383 in
431 4321 565 4385 veritate
578 4323 617 4385 ab
634 4344 674 4385 eo
690 4333 855 4404 operatum
870 4319 965 4383 fuisse
981 4318 1206 4403 cognovirnus3
1222 4341 1281 4382 nec
1296 4341 1355 4382 nos

207 4405 352 4471 falsitatis
368 4406 602 4492 condempnare
619 4405 812 4476 testimonio.
830 4430 870 4470 ne
886 4405 1004 4492 perisse
1017 4405 1150 4491 proinde
1162 4429 1218 4469 nos
1231 4405 1358 4469 coutin-
