2924 4966
155 360 227 423 140
514 362 729 413 nutrituram
759 362 952 415 nossent

150 536 266 599 animae
292 528 482 617 inquietudo
512 526 741 599 induraverat3
779 546 912 591 ossuum
951 526 1160 593 soliditatem
1187 528 1293 595 tremuli

151 621 272 685 timoris
288 618 433 681 arixietas
459 612 688 679 cssnfundendo
709 612 893 677 deterebat.
942 610 1059 679 Noeta
1086 614 1187 701 igitur
1210 618 1296 681 tertia

150 708 214 771 diei
224 708 293 791 jam
310 704 415 767 medii
430 702 580 777 instante,
593 722 665 765 cum
681 698 885 783 intempestae
904 700 1016 765 noctis
1031 700 1179 781 silentio,
1198 702 1297 769 dolurit

151 792 371 879 inquietudine
383 788 609 873 compellente,
622 786 800 869 evigilaret,
813 784 924 851 subito
938 786 999 851 lux
1012 808 1137 853 serena
1190 790 1299 855 rorbitt

151 880 296 943 ecclesius
318 876 461 951 emicuit,
478 889 512 938 et
535 888 607 959 post
632 872 760 937 modico
785 872 957 937 intervallo
981 896 1134 941 veneratu
1160 878 1168 889 ⁴
1193 876 1299 941 deustis

157 966 307 1031 Pontifex
322 964 364 1027 de
380 962 488 1027 altaris
497 958 625 1043 fastigio
638 980 739 1045 usque
750 958 791 1021 ad
802 958 959 1023 inferiora
968 962 1150 1045 processit.
1177 962 1300 1051 Eratque

151 1052 308 1135 sublonga
328 1050 420 1127 facie,
445 1046 551 1111 inedia
573 1060 735 1121 maturus;
759 1058 793 1109 et
819 1066 1014 1131 conspersus
1043 1047 1191 1125 canitie3
1212 1048 1302 1115 carrd

152 1154 282 1223 togatus
297 1138 405 1213 aureli,
419 1136 523 1211 mitrd,
538 1146 573 1197 ut
589 1132 769 1209 videbatur,
786 1130 955 1195 redimitus
970 1132 1106 1199 ardenti
1122 1136 1300 1211 cristallirdt

154 1226 259 1289 vnltus
294 1224 362 1287 sole
399 1220 551 1285 rutilante
587 1218 738 1295 nitidior3
775 1216 979 1283 stellantibus
1016 1220 1128 1285 oculis
1167 1222 1301 1289 clementi

152 1326 299 1395 respectu
316 1308 532 1383 mansuetior;
555 1306 727 1393 fragorque
745 1326 944 1389 gemmarum
960 1304 1017 1394 qui
1041 1306 1151 1373 limbo
1175 1308 1301 1375 tornati

152 1396 317 1461 ‹lextraria
331 1418 482 1459 manuum
498 1406 737 1479 peromaserat,
753 1412 796 1456 ex
814 1405 966 1455 contactu
990 1392 1106 1459 baculi
1131 1396 1300 1481 pastoral'u,

152 1484 207 1549 sui
235 1484 386 1547 unionum
413 1496 447 1545 et
474 1480 717 1565 margaritarum
742 1476 872 1563 copiosi
901 1476 1115 1546 multitudine
1146 1482 1302 1583 insignitur

152 1512 268 1647 fuerat,
286 1568 380 1633 latius
396 1565 627 1667 perstrependo
642 1565 846 1651 personabat.
892 1564 998 1630 Miser
1012 1566 1082 1645 ille,
1097 1568 1180 1635 talia
1190 1570 1301 1647 videm,

152 1662 233 1743 panc
256 1656 433 1730 contabuit,
457 1668 491 1718 ct
518 1668 658 1718 tremore
682 1650 804 1715 timoris
830 1650 945 1716 dentes
968 1652 1115 1719 stridore
1139 1656 1301 1735 οοιιοιικὶί,

155 1744 361 1829 trepidosque
376 1754 476 1815 artus,
489 1752 644 1827 quantum
659 1738 852 1823 subpetebat
867 1736 1005 1817 uirtutis,
1023 1738 1056 1803 in
1081 1764 1156 1807 sese
1175 1742 1302 1809 diminu-

153 1832 238 1893 endo
264 1828 405 1893 retorsit.
469 1826 620 1891 Pontifex
647 1826 744 1909 igitur
765 1823 809 1889 ad
832 1824 935 1909 ipsum
959 1848 1064 1913 usque
1089 1830 1301 1915 progreditur,

155 1918 330 2003 uraniusquc
345 1928 520 1979 contracta·
534 1912 699 1978 brachium
718 1912 834 1977 dextrd
855 1912 1078 1997 complectens
1102 1938 1187 1981 uoce
1211 1914 1302 1983 lenitis

154 2004 319 2067 moderatis
334 2002 378 2065 sic
394 2024 467 2065 eum
483 2002 610 2065 affatur.
646 2010 680 2041 ·“
694 2000 799 2063 Ausus
811 1998 972 2063 temerarii
984 2022 1117 2085 poenam
1129 2002 1301 2091 suscepisti,

154 2106 187 2153 et
217 2088 400 2163 Cutliberti,
428 2086 478 2151 cui
506 2086 706 2171 exprobrasti
733 2100 831 2171 atque
854 2108 967 2169 pacem
994 2086 1136 2167 violasti,
1161 2112 1230 2155 non
1253 2088 1302 2155 ire

154 2176 324 2239 vindictam
341 2174 397 2239 scd
413 2190 479 2237 tutu
495 2174 601 2259 potius
616 2172 762 2237 stultitius
778 2172 893 2237 merita
911 2172 1102 2239 sustinuisti.
1153 2176 1222 2243 Sed
1236 2176 1303 2265 quit

154 2264 229 2327 mihi
258 2262 442 2327 familiarior
470 2274 520 2325 est
550 2259 767 2325 misericordia
791 2260 886 2346 quim
917 2258 1070 2339 uindicta,
1102 2284 1192 2329 nunc
1221 2264 1255 2327 in
1273 2276 1303 2329 te

155 2349 282 2415 uirtutis
309 2372 390 2413 mom
417 2348 593 2433 potentiam
619 2346 737 2411 senties
763 2360 797 2412 et
820 2346 945 2431 signum
967 2344 1105 2435 aliquid,
1122 2348 1215 2438 quod
1234 2362 1304 2415 nota

154 2434 412 2519 transgressionis
438 2434 496 2497 tibi
525 2434 577 2509 sit,
605 2432 795 2497 omnimodis
824 2454 889 2497 uon
915 2432 1110 2499 ammittes.”
1174 2436 1304 2503 Taldrus

154 2523 328 2587 allocutum
358 2522 399 2585 ad
423 2521 525 2585 altare
551 2544 624 2585 cum
648 2520 704 2584 illo
724 2518 919 2597 conscendit,
936 2542 1135 2607 manumque
1150 2522 1304 2589 infirmum

155 2610 195 2675 ad
223 2610 362 2695 parietes
386 2608 494 2671 altaris
518 2622 668 2671 contactu
691 2606 838 2671 molliore
860 2606 1033 2671 concussit.
1083 2608 1116 2675 Ο
1139 2608 1233 2675 mirus
1247 2610 1306 2675 vir·

155 2698 233 2761 tntis
264 2694 476 2761 excellentia!
544 2694 685 2769 Quando
718 2694 783 2757 ictu
814 2692 916 2777 primo
946 2714 1077 2758 manum
1106 2710 1306 2763 connectam

156 2784 277 2869 pariete
293 2782 399 2859 allisit,
416 2780 553 2865 digitum
569 2780 741 2845 indicemlt
765 2778 896 2865 pristini
917 2778 1141 2847 contractione
1163 2782 1304 2849 resoluit.

158 2874 241 2935 Cum
257 2882 365 2933 autem
382 2868 414 2931 id
430 2866 547 2931 iterato
561 2865 724 2951 repetivit,
741 2866 882 2931 medium
902 2864 993 2954 sequi
1015 2866 1157 2951 digitum
1180 2868 1305 2935 sanitati

155 2956 306 3021 restituit.
353 2955 440 3019 Ilum
458 2954 534 3019 vcro
550 2951 646 3017 tertii)
661 2953 747 3017 idem
762 2975 843 3038 opus
854 2952 983 3039 pietatis
994 2954 1156 3035 exercuit,
1170 2954 1304 3059 digitum

155 3044 343 3109 medicalem
372 3040 504 3127 pristiml
532 3040 669 3105 sanitate
698 3036 840 3125 perfecti
868 3038 1041 3125 reparavit.
1098 3040 1186 3107 Mox
1208 3042 1304 3129 igitur

156 3132 217 3195 tria
231 3131 373 3205 vulnera,
390 3150 463 3215 sputu
485 3126 623 3191 rsiediam
647 3126 759 3191 marsius
781 3126 919 3211 palmam
941 3126 1195 3209 transfoderant,
1211 3150 1304 3195 earne

156 3218 278 3303 repleta
293 3216 324 3281 in
336 3214 538 3281 siccatricum
550 3212 715 3297 planitiem
723 3226 798 3277 sunt
806 3212 950 3279 reducta.
975 3212 1126 3299 Digitum
1139 3215 1241 3281 etiam
1250 3238 1305 3283 au·

155 3304 321 3369 ricnlarcm
337 3302 495 3367 resolvitls
506 3300 647 3377 insinere,
658 3300 716 3363 sed
730 3300 929 3387 uequdqwm
944 3298 1094 3365 liberavit
1108 3322 1187 3367 eum
1202 3302 1306 3369 lcon-

155 3390 319 3455 tractionis
335 3412 401 3453 sua·
417 3388 558 3465 laesione,
605 3386 737 3451 Doloris
752 3401 859 3453 tamen
874 3389 1029 3471 languore
1040 3388 1175 3453 omninb
1190 3390 1303 3467 caruit,

156 3493 189 3541 et
220 3478 323 3562 plagin
352 3476 458 3541 lesura
482 3476 542 3539 sul)
568 3474 637 3559 ipso
660 3472 790 3537 inferius
812 3474 845 3537 in
875 3474 981 3559 palmi
1009 3495 1074 3538 non
1103 3476 1304 3577 comparuit:

155 3564 332 3627 contractio
347 3576 453 3627 niuem
477 3584 602 3647 semper
628 3559 712 3625 illius
733 3560 826 3645 digiti
852 3582 953 3649 usque
979 3560 1012 3623 in
1036 3560 1136 3625 finem
1157 3576 1236 3627 vrtse
1258 3562 1306 3649 ip-

156 3650 219 3715 sius
239 3650 434 3735 perslnravit.
473 3650 545 3713 lloc
565 3648 662 3733 igitur
680 3669 740 3733 pro
758 3648 850 3731 signo
868 3670 935 3713 suae
958 3646 1151 3714 temeritatis
1168 3648 1303 3715 habuit:

157 3736 187 3799 in
214 3736 342 3823 reliquis
370 3736 446 3799 verb
471 3735 589 3819 digitis,
616 3734 648 3799 in
674 3757 739 3821 quo
773 3734 867 3799 lleati
899 3732 1066 3801 Pontificis
1092 3732 1248 3803 uirtutem
1271 3749 1305 3801 et

154 3824 287 3905 glmiatn
304 3822 493 3907 prsndicaret
509 3819 664 3907 probabili
680 3822 756 3885 satis
776 3822 999 3907 experimento
1012 3818 1158 3887 retinuit.
1204 3822 1305 3889 Mise-

155 3910 323 3975 ricordinm
351 3908 458 3995 itsnpro
489 3908 581 3973 lleati
612 3907 783 3973 Cutltberti
804 3906 1002 3993 prtndicavit,
1026 3930 1070 3973 ex
1085 3906 1221 3975 indulte
1244 3908 1304 3977 sibi

156 3996 282 4079 pietatis
307 3995 485 4071 benefn2io3
511 3994 625 4079 judicii
651 4017 729 4059 vero
755 3995 959 4061 severitatem
986 4016 1029 4059 ex
1052 3994 1147 4079 digiti
1176 4018 1304 4083 semper

154 4082 379 4147 ‹ssssstractionis
396 4082 636 4165 importunitate
651 4096 747 4167 atque
763 4082 929 4167 supplicio.
977 4080 1110 4147 Patrato
1125 4082 1208 4147 tanti
1222 4082 1303 4169 signi

155 4168 318 4246 iusiurando,
347 4190 421 4231 mox
450 4168 650 4233 venerandus
679 4168 853 4233 Confessor
878 4168 1056 4253 disparuit,
1073 4168 1205 4253 jutenis
1226 4192 1304 4237 vero

153 4256 309 4319 ssu-erdoti
337 4266 371 4319 ct
397 4254 518 4317 curatis
542 4254 860 4339 comprovincialibus
889 4254 952 4319 llei
977 4254 1135 4319 mirabilia
1159 4254 1304 4323 declara·

153 4338 209 4401 vit.
261 4340 384 4403 llxinde
410 4340 495 4402 luscus
519 4340 571 4403 ille
594 4342 716 4403 esurietis
739 4342 957 4406 honorabilior
979 4340 1115 4417 exstitit,
1133 4354 1166 4405 et
1193 4342 1302 4407 Sancti
