2924 4966
148 384 217 459 198
495 392 711 443 uaorssam
738 390 922 441 arosscar

148 560 352 648 negligentia·
369 556 592 621 incuriositatis
604 571 637 620 et
653 555 813 641 flagicium
837 554 1053 619 irreverentia·
1069 565 1103 619 et
1119 564 1289 639 transgres-

147 651 255 724 sionis,
274 649 366 733 prensi
383 646 507 709 vindice
523 644 676 731 expiarit.
738 642 822 708 Nam
839 642 994 730 praevenit
1009 642 1131 707 eumin
1146 642 1291 708 benedic·

150 737 289 803 tionibus
304 733 493 810 dulcedinis,
511 734 587 797 dmn
602 733 756 797 delictum
771 731 867 818 ipsius
882 729 1050 817 temporali
1065 731 1190 816 punivit
1204 731 1291 816 poena

151 825 281 898 doloris,
293 846 355 885 non
367 821 463 885 litturi
480 823 574 906 poent't
588 819 726 884 incendii
736 832 770 884 et
785 834 916 884 oeternae
926 818 1146 884 desolationis.
1172 818 1290 904 Nuper,

150 912 354 999 episcopante
397 910 535 993 llugone
573 909 792 973 Dunelmcnse
828 908 991 993 episcopo,
1029 906 1293 993 Arcbiepiscopus

156 999 365 1064 liboracensis
392 997 590 1072 ll'illielmus,
619 995 772 1060 orationis
798 995 912 1081 gratia,
932 995 975 1059 ad
1001 995 1097 1059 Beati
1124 993 1293 1060 Cuthberti

152 1088 333 1173 sepulcrum
353 1085 552 1149 invisendum
573 1084 767 1160 advenerat3
783 1084 834 1147 cui
850 1083 1029 1169 episcopus,
1046 1083 1090 1147 ob
1105 1082 1293 1148 reverentia

152 1176 296 1239 debitunt
312 1190 345 1236 et
368 1172 566 1257 cognationis
589 1174 751 1249 affectum,
768 1194 897 1235 omnem
918 1169 1176 1235 mansuetudinis
1198 1171 1297 1235 hono·

152 1287 220 1327 rem
236 1261 421 1327 exhilubat.
484 1260 642 1324 Nimirum
658 1261 740 1325 inter
754 1260 817 1324 alia
839 1260 996 1325 donorum
1012 1275 1047 1323 et
1065 1258 1229 1323 honorum
1243 1259 1296 1323 ob·

153 1351 273 1438 sequia,
298 1349 441 1414 ecclesiae
470 1348 694 1412 Duncbnensis
717 1347 746 1412 ei
773 1348 942 1413 ostendere
967 1346 1069 1411 voluit
1091 1347 1297 1435 reliquiarum

152 1437 332 1503 sanctuaria
346 1436 504 1501 sanctiora
516 1438 564 1525 [in
576 1441 714 1519 rnarqina
724 1436 773 1500 rel
790 1434 991 1523 sacratiora}
1026 1436 1116 1500 luter
1127 1458 1204 1522 quae
1220 1435 1298 1501 Bea-

154 1528 177 1591 ti
193 1526 362 1593 Cuthbcrti
375 1525 498 1589 libellus
510 1523 659 1609 praecipui
672 1523 801 1587 honoris
810 1522 945 1601 exstitit,
959 1546 1067 1610 quern,
1085 1546 1106 1587 a
1121 1522 1298 1589 Benedicta

151 1615 285 1679 sacrista
306 1615 385 1677 albis
409 1613 532 1689 induto,
560 1611 732 1676 honorifice
755 1611 797 1676 ad
819 1611 919 1676 altare
942 1612 1043 1696 majus
1066 1610 1215 1675 delatum
1229 1632 1299 1676 curn

152 1702 374 1789 suspendiculo
389 1699 619 1785 archipraesulis
642 1699 726 1763 collo
747 1699 984 1785 circumposuit.
1031 1698 1299 1785 Archiepiscopus

152 1791 260 1866 etiarn,
277 1790 392 1876 quibus
409 1789 520 1863 rolutt,
538 1787 625 1851 illum
641 1786 865 1873 patefaciendo
880 1802 914 1851 et
929 1787 1128 1851 revolvendo
1146 1787 1297 1863 ostendit,

152 1896 186 1943 et
210 1877 393 1943 domesticis
417 1891 449 1942 et
476 1875 535 1940 sibi
556 1875 809 1940 familiarioribus
840 1875 923 1939 collo
947 1874 1125 1960 suspendit.
1190 1875 1299 1940 Frater

153 1967 291 2042 iuterim,
322 1966 483 2029 lohannes
511 1965 650 2039 nornine,
678 1963 762 2027 circa
785 1963 920 2048 sepulcri
951 1962 1150 2048 crepidinem
1173 1961 1299 2049 longiis

153 2055 293 2119 substitit
307 2077 315 2129 ;
339 2067 372 2117 et
387 2053 462 2140 quia
474 2050 665 2152 praedictum
682 2051 822 2115 libellum
846 2050 1023 2115 comminus
1038 2050 1208 2115 evolutum
1222 2073 1301 2115 nun·

153 2166 248 2230 quam
265 2141 399 2219 viderat,
416 2140 457 2204 ad
474 2142 569 2224 ipsius
585 2137 845 2204 contrectationis
860 2138 1090 2224 inspectionem
1107 2138 1192 2203 livor
1206 2138 1300 2203 animi

152 2256 227 2295 errrrr
246 2230 349 2294 acriris
365 2245 398 2293 et
413 2227 527 2293 auxiirs
543 2227 737 2291 stimulabat.
785 2226 855 2291 Nec
877 2241 983 2291 tamen
1003 2226 1044 2290 ad
1063 2239 1300 2293 contrectantes

152 2320 306 2383 accedero
324 2330 579 2402 praesumpserat,
590 2315 727 2400 eoquod
738 2315 769 2378 in
786 2315 865 2379 tanti
881 2313 1016 2378 nominis
1030 2314 1114 2378 viros
1125 2314 1301 2380 irreveren-

154 2424 204 2471 ter
227 2407 277 2471 rel
301 2405 538 2491 praecipitanter
560 2403 681 2467 irruere
704 2402 807 2467 minias
826 2402 895 2467 viro
922 2402 1055 2489 simplici
1077 2402 1300 2469 conveniebat.

159 2496 224 2559 Sed
243 2494 316 2582 quia
337 2493 475 2557 sacrista.
491 2491 595 2555 officio
612 2504 686 2554 tunc
710 2491 793 2555 circa
820 2491 912 2555 Beati
931 2490 1103 2555 Cuthberti
1119 2491 1300 2578 sepulcrum

154 2583 358 2667 fungebatur,
376 2580 477 2644 rninus
495 2579 646 2678 inquietae
656 2578 903 2664 perturbationis
918 2579 949 2642 ei
966 2579 1146 2656 ridebatur,
1158 2602 1200 2644 eo
1214 2578 1300 2667 quod

155 2671 242 2735 festis
258 2669 371 2733 diebus
396 2683 502 2753 posset
526 2668 658 2731 licenter
681 2666 846 2743 accedere,
863 2680 908 2743 et,
925 2666 1014 2732 nullo
1029 2666 1237 2753 probibente,
1253 2666 1300 2731 sui

154 2760 221 2822 voti
252 2756 445 2821 desiderium
476 2754 608 2819 inhianti
637 2755 745 2819 studio
771 2754 962 2819 curiositatis
989 2777 1030 2818 ex
1054 2754 1134 2819 lere.
1198 2752 1301 2822 Cessit

155 2847 253 2932 igitur
275 2859 307 2909 et
332 2845 399 2908 aliis
424 2845 541 2920 locum,
569 2858 604 2907 et
629 2855 750 2906 metum
774 2842 901 2920 detulit,
926 2842 1001 2929 quia
1029 2778 1124 2928 bujus
1149 2841 1301 2930 temporis

154 2933 438 3020 importunitatem,
455 2931 613 3015 oportuna
632 2930 822 2995 conditionis
841 2930 1047 3015 suspensione
1070 2929 1149 2995 satis
1163 2953 1225 3019 pro
1248 2952 1303 2995 vo-

155 3024 278 3087 luntate
305 3022 361 3084 sual
383 3021 530 3105 supplere
557 3018 724 3104 praevaluit
737 3043 746 3094 ;
770 3019 875 3082 locum
899 3017 1006 3105 itaque
1029 3017 1089 3082 illis
1112 3018 1302 3105 impeditum

154 3110 302 3186 contulit,
320 3110 396 3172 dunr
412 3131 445 3171 sc
461 3108 501 3171 ab
517 3106 578 3171 illis
593 3106 745 3170 abstinuit
771 3119 805 3170 et
828 3106 950 3190 impetu
973 3105 1113 3193 prompti
1135 3128 1234 3194 super
1248 3129 1302 3173 eos

155 3199 284 3284 spiritns
301 3220 363 3260 non
388 3195 511 3280 irrupit.
574 3194 701 3258 Metum
724 3193 851 3272 detulit,
868 3194 946 3258 dum
961 3195 1006 3259 eis
1029 3215 1088 3280 pro
1110 3194 1302 3263 reverentia

156 3287 277 3350 bonore.
301 3284 465 3370 pepercit:
492 3280 557 3346 reri
572 3295 662 3346 actus
677 3282 825 3346 monachi
840 3296 1026 3367 prosecutus
1044 3283 1209 3369 exempla,
1226 3282 1302 3349 dum

159 3373 295 3459 proprius
320 3370 491 3436 voluntatis
516 3369 675 3434 desiderio
695 3370 829 3434 fraenum
849 3368 1066 3456 castigationis
1092 3369 1213 3450 intulit,
1229 3392 1303 3457 pro-

158 3462 216 3548 prii
233 3460 353 3526 arbitrii
371 3460 527 3523 instituto.
577 3457 771 3523 Secretarius
796 3457 922 3522 interim
937 3458 1028 3537 alius,
1044 3456 1100 3545 qui
1113 3458 1232 3524 librum
1247 3458 1303 3523 de-

159 3551 286 3625 tulerat,
301 3549 342 3612 ad
358 3548 462 3611 locum
479 3569 575 3633 quem
590 3546 743 3631 elegerat,
762 3547 865 3632 ipsum
879 3545 1142 3611 honorificentiis
1157 3560 1302 3633 reporta-

158 3639 225 3703 bat.
274 3637 352 3701 Post
376 3658 438 3698 non
464 3634 598 3698 nrulturn
619 3634 782 3719 temporis,
807 3633 963 3720 solempni
989 3634 1130 3722 quodam
1156 3647 1302 3721 tempore

159 3724 351 3800 festivitatis,
369 3723 484 3787 accidit
500 3736 536 3785 ut
550 3722 722 3807 praedictus
738 3723 937 3801 secretarius,
955 3724 1045 3807 cujus
1061 3721 1094 3785 id
1109 3736 1181 3787 erat
1196 3722 1300 3802 officii,

159 3814 319 3890 thecham,
333 3812 365 3874 in
382 3813 444 3898 qua
459 3809 660 3895 praescriptus
685 3810 808 3876 libellus
831 3811 990 3895 repositus
1012 3823 1093 3888 erat,
1109 3808 1187 3875 foris
1203 3832 1304 3896 expo-

159 3917 261 3981 neret,
279 3915 312 3965 et
332 3900 424 3963 Beati
444 3898 615 3962 Cuthberti
630 3899 730 3963 altare
747 3912 779 3964 et
796 3899 976 3984 sepulcrum
992 3896 1217 3963 sacratioribus
1232 3897 1304 3965 reli·

158 3991 303 4079 quiarurn
327 3985 511 4051 sanctuariis
535 3999 731 4071 perornaret.
780 3987 868 4051 Inter
891 3986 954 4051 alia
975 3984 1072 4051 etiarn
1095 3985 1247 4051 thecham
1268 3985 1304 4050 il-

161 4079 224 4143 lam
240 4075 365 4142 decenti
387 4073 598 4139 venerationis
613 4075 685 4139 loco
700 4074 889 4160 composuit,
907 4087 952 4152 et,
969 4087 1036 4138 tarn
1068 4072 1183 4137 reciosi
1205 4073 1303 4139 libelli

159 4165 322 4241 solamine,
340 4162 483 4228 ecclesiae
499 4161 595 4226 facies
611 4162 790 4227 bonoravit.
840 4161 1019 4249 Omniaque
1038 4096 1142 4226 Brutti
1163 4160 1302 4228 Jobanni

161 4253 372 4328 commiserat,
387 4250 426 4314 eb
442 4249 528 4336 ‹luod
544 4272 633 4313 secus
649 4251 749 4315 altare
765 4250 962 4336 frequentius
979 4247 1184 4334 praesidebat.
1226 4251 1304 4315 Cus-

162 4354 211 4404 tos
226 4339 386 4428 equidem,
404 4353 468 4402 tarn
484 4336 591 4400 altaris
600 4361 695 4425 quarn
710 4337 857 4425 sepulcri,
871 4338 1017 4402 assistere
1029 4358 1155 4423 semper
1164 4337 1305 4403 debebat

161 4427 347 4513 intrepidus,
367 4440 400 4491 ct
417 4426 600 4511 frequenter
615 4425 758 4492 assiduus
777 4438 810 4491 et
826 4423 1056 4491 indesinentiirs
1072 4446 1135 4490 non
1151 4438 1305 4493 remotus.
