2924 4966
151 361 226 435 ί290
298 432 299 438 η
500 367 713 417 cromnam
746 364 928 414 nrouxcrrr

151 539 263 613 infixi3
287 535 333 599 ita
355 550 390 598 ut
413 531 493 618 pene
512 532 667 617 unguium
681 542 828 595 extrema
843 529 990 593 acumina
1008 528 1182 595 forinsecus
1207 531 1295 596 vide-

152 640 262 691 rentur
274 624 356 688 velle
372 621 532 706 progredi,
545 643 604 684 nec
619 619 727 705 aliquo
741 639 880 704 unquam
904 630 1053 702 poterant
1076 619 1295 684 medicaminis

154 711 315 778 curamine
331 709 475 774 relevari.
525 708 607 783 Quae
623 709 768 770 omuibus
784 704 896 769 diebus
912 706 958 769 ita
979 719 1145 771 contracta
1164 723 1197 772 et
1220 731 1296 772 con-

154 813 242 866 torta
256 798 376 876 existit,
393 796 445 861 cui
461 796 528 860 vita
542 817 601 880 pro
615 808 731 872 morte,
744 793 879 878 languor
902 815 961 878 pro
976 792 1212 879 desperatione,
1226 819 1297 859 cor-

51 958 56 966 ,
156 912 214 973 pus
233 884 311 950 verb
334 908 393 970 pro
420 906 548 948 carcere
574 881 645 946 fuit.
694 882 732 946 In
758 880 847 944 nullo
872 881 1002 968 quidem
1027 882 1154 946 sibimet
1179 885 1296 969 juvare

156 975 272 1061 potuit,
292 985 326 1036 et
341 972 415 1037 ideo
431 984 497 1036 tam
523 971 582 1035 sibi
608 992 703 1057 quam
724 967 871 1034 omnibus
892 969 1001 1034 amicis
1028 969 1092 1034 suis
1116 984 1181 1035 tam
1206 973 1297 1036 oneri

158 1085 252 1150 quam
268 1060 371 1123 dolori
386 1059 457 1122 fuit.
504 1058 651 1121 Tandem
662 1057 800 1143 quodam
810 1055 961 1121 instinctu
973 1057 1093 1136 divino,
1110 1058 1152 1122 ad
1163 1059 1299 1143 praedic-

158 1162 224 1214 tam
244 1147 337 1212 Beati
363 1144 534 1211 Cuthberti
556 1145 711 1229 capellam
733 1144 932 1230 deportatur,
949 1158 983 1209 et
1005 1147 1038 1209 in
1064 1147 1186 1230 gremio
1212 1169 1298 1211 areae

159 1236 268 1321 ipsius,
285 1235 407 1298 cunctis
423 1232 492 1296 visu
507 1231 696 1310 miseranda,
713 1231 895 1317 exponitur.
945 1231 1011 1296 Sed
1029 1233 1073 1317 pii
1098 1234 1298 1298 Confessoris

160 1322 329 1387 clementia
344 1321 373 1385 ei
397 1343 492 1407 quarn
507 1320 600 1383 citius
615 1319 721 1397 affuit,
757 1343 807 1383 uae
819 1331 1009 1403 proventum
1025 1320 1163 1385 celerem
1184 1321 1299 1406 gratiae

160 1409 308 1486 coelestis,
321 1408 494 1485 infirmanti
510 1406 704 1471 conferendo
720 1343 861 1472 advexit.
907 1405 992 1471 Nam
1010 1408 1125 1472 mulier
1138 1409 1209 1474 haec
1224 1433 1299 1497 quae

161 1500 207 1562 ita
228 1489 394 1561 contracta
414 1495 486 1572 fuit,
503 1508 576 1580 post
591 1507 678 1560 actas
693 1494 738 1560 ibi
761 1494 881 1580 vigilias
905 1494 1034 1560 diliculo
1058 1511 1231 1582 apparente
1258 1499 1299 1562 ab

161 1584 247 1649 omui
260 1582 442 1647 infirmitate
457 1583 593 1648 liberata
605 1585 772 1668 processit.
819 1582 1010 1646 Mirantibus
1032 1583 1153 1648 cunctis
1176 1600 1210 1649 et
1234 1585 1299 1650 Dei

161 1671 295 1757 gloriam
310 1671 342 1733 in
361 1671 454 1734 Beati
472 1672 645 1736 Cuthberti
657 1671 774 1736 virtute
797 1670 1010 1749 laudantibus,
1027 1671 1141 1735 mulier
1155 1672 1210 1738 illa
1232 1696 1300 1738 orn·

161 1759 238 1823 nino
250 1781 326 1822 sana
340 1758 519 1843 comparuit
532 1783 540 1835 ;
563 1771 597 1823 et
612 1782 632 1823 a
642 1758 695 1823 die
709 1759 763 1834 illa
777 1782 814 1824 ac
829 1757 977 1844 deinceps
992 1781 1153 1847 nunquam
1176 1761 1300 1825 macula

162 1849 302 1933 antiquae
318 1846 543 1910 contractionis
559 1847 625 1911 sive
639 1846 777 1911 laesionis
786 1849 819 1911 in
833 1848 873 1910 eb
887 1845 1020 1911 inveniri
1030 1848 1208 1933 praevaluit.
1256 1849 1301 1913 At

164 1947 271 1998 tamen
298 1957 398 2020 usque
425 1933 458 1998 in
484 1957 636 2019 praesens,
662 1935 818 1999 valliculas
841 1957 989 1999 concavae
1014 1948 1047 1999 et
1070 1935 1237 2021 profundas
1268 1939 1300 2000 in

163 2022 289 2085 natibus
312 2022 382 2105 ejus
405 2023 597 2108 prominent,
618 2022 783 2110 inquibus
808 2023 944 2087 talorum
961 2022 1058 2109 ipsius
1081 2024 1301 2089 extremitates

165 2109 365 2185 insederant3
389 2123 423 2173 et
438 2108 582 2175 similiter
596 2112 631 2175 iu
646 2111 757 2196 palmis
771 2133 922 2175 manuum
943 2110 1050 2197 ipsius,
1067 2112 1214 2199 quaedam
1237 2113 1302 2177 alta

165 2196 299 2281 vestigia
318 2197 457 2275 elucent,
480 2221 552 2262 cum
579 2199 726 2278 obductis
750 2198 932 2263 cicatricum
955 2199 1114 2286 hyatibus,
1132 2199 1163 2263 in
1187 2200 1301 2287 quibus

165 2282 338 2371 antiquitbs
354 2284 527 2369 digitorum
539 2298 685 2350 extrema
699 2286 798 2350 infixa
812 2286 948 2351 fuerant.
998 2287 1104 2364 Quod,
1118 2300 1154 2351 ut
1169 2288 1300 2367 abitror,

165 2372 290 2456 signum
304 2394 362 2456 pro
372 2395 412 2436 eo
424 2372 540 2436 divinae
552 2373 793 2458 dispensationis
804 2375 1019 2440 moderamine
1031 2377 1063 2438 in
1074 2375 1126 2438 illa
1137 2377 1300 2455 remansi-t,

166 2471 202 2522 ut
225 2458 345 2524 cunctis
367 2459 564 2524 manifestiis
588 2461 746 2526 elucescat
770 2484 865 2549 quarn
888 2462 1053 2547 magnifice
1079 2463 1173 2526 Beati
1201 2465 1303 2528 Cuth-

165 2548 249 2612 berti
264 2569 399 2633 operosa
413 2547 584 2612 clementia
598 2547 631 2611 in
646 2551 717 2634 ejus
731 2551 832 2615 salute
847 2563 977 2636 operata
991 2551 1042 2615 sit.
1089 2551 1180 2627 Haec,
1198 2551 1301 2615 salute

167 2636 293 2721 adepta,
308 2656 402 2698 ovem
413 2657 510 2699 unam
519 2657 578 2721 pro
589 2637 765 2721 gratiarum
777 2640 901 2704 actione
917 2638 990 2702 Deo
1004 2651 1037 2703 et
1067 2638 1184 2701 Sancto
1214 2638 1301 2702 Con-

166 2722 278 2788 fessori
293 2722 422 2801 obtulit,
440 2746 535 2810 quarn
557 2723 730 2808 praedictus
754 2726 901 2791 Dolfinus
923 2727 965 2791 ob
988 2725 1067 2791 tanti
1083 2725 1298 2789 testimonium

166 2811 309 2876 miraculi
325 2810 401 2875 satis
416 2823 580 2895 gratanter
591 2812 724 2896 accepit.

165 3078 264 3142 CAP.
289 3077 615 3157 CXLI.—Quomodo
634 3078 763 3142 Sanctus
786 3080 964 3144 cuthbertus
984 3085 1084 3144 virum
1097 3082 1256 3156 edocuerit,
1272 3090 1308 3144 at

250 3173 368 3245 sumpto
388 3184 488 3227 secum
510 3185 622 3240 musca,
638 3175 674 3227 at
687 3177 878 3248 praeeperat
889 3171 927 3243 ei,
945 3189 1006 3249 per
1019 3170 1149 3232 aredium
1163 3169 1303 3244 hostium,

250 3254 367 3315 tttaecur
380 3255 518 3314 evaserit.

212 3424 259 3487 Ea
289 3436 480 3508 tempestate
509 3425 572 3511 qual
600 3424 783 3489 Williehnus
809 3428 882 3491 Bex
909 3429 1091 3492 Scottorum
1114 3429 1194 3491 fines
1220 3426 1304 3492 Nor-

164 3511 332 3597 thymbriae
347 3512 481 3575 flammis
497 3526 530 3576 et
556 3511 719 3576 funeribus
741 3514 864 3600 insequi
886 3515 1111 3600 depopulando
1133 3514 1302 3593 institerat,

163 3598 293 3684 quidam
308 3598 366 3673 vir,
392 3599 492 3683 Hugo
517 3599 671 3684 Flamang
694 3614 837 3680 vocatus,
854 3603 972 3667 relictis
994 3616 1067 3688 post
1087 3626 1121 3667 se
1136 3601 1253 3666 divitiis
1272 3602 1304 3665 in

165 3684 324 3761 Maltune,
348 3707 420 3770 quae
444 3709 534 3749 secus
561 3687 740 3752 Eboracum
765 3691 825 3754 sita
847 3690 1102 3768 est‚‚Laud0niae
1117 3691 1197 3755 fines
1212 3689 1302 3766 adiit,

163 3771 238 3857 quia
265 3773 338 3835 vitae
361 3795 428 3836 suae
452 3772 558 3857 potids
585 3797 680 3860 quam
706 3776 850 3862 pecuniae
876 3779 1104 3842 consulendum
1127 3777 1304 3862 praeelegit.

168 3860 279 3946 ltaque
294 3859 326 3922 in
341 3861 471 3944 regione
487 3860 528 3924 de
551 3860 759 3929 Tevietedale
783 3865 966 3953 aliquandiu
989 3866 1171 3930 demoratus
1195 3878 1253 3943 est,
1271 3878 1305 3929 et

162 3969 194 4009 rn
209 3946 311 4032 patrib
326 3947 393 4033 ipsa
408 3947 538 4012 colonus
555 3950 742 4034 peregrinus
765 3953 897 4018 effectus
920 3967 980 4018 est.
1027 3954 1105 4016 Post
1127 3953 1306 4039 aliquantu-

162 4034 228 4097 lum
257 4033 333 4098 vero
364 4036 525 4120 temporis,
557 4037 740 4103 relictarum
769 4054 843 4126 post
872 4065 905 4106 se
936 4041 1116 4105 divitiarum
1147 4040 1305 4104 reminisci

161 4122 391 4205 secumcoepit,
409 4136 442 4187 et
468 4137 634 4209 tantopere
657 4126 782 4193 diutino
805 4129 914 4194 labore
937 4128 1138 4217 perquisitas,
1156 4128 1304 4192 amittere

162 4208 303 4272 lunditbs
318 4208 444 4293 gravibs
459 4234 567 4274 secum
583 4213 667 4277 tulit.
715 4214 784 4281 Nec
809 4232 917 4287 tamen
938 4219 1019 4281 fines
1042 4216 1112 4280 illos
1136 4216 1167 4279 in
1190 4215 1304 4303 quibus

162 4318 219 4359 sua
242 4296 425 4360 deseruerat
451 4298 539 4361 adire
562 4300 718 4365 ullatenus
740 4307 965 4388 praesumebat,
988 4304 1063 4391 quia
1082 4305 1238 4391 quosdam
1260 4303 1304 4367 ibi

162 4383 309 4447 mortales
325 4385 520 4450 adversarios
537 4387 760 4475 dereliquerat,
777 4394 809 4455 in
828 4417 964 4480 quorum
987 4395 1132 4458 manibus
1152 4392 1302 4466 incidero,
