2924 4966
156 352 231 426 aaa
511 359 728 426 oneramur
758 379 940 428 mouscin

151 551 299 604 ramenta
314 539 365 604 vel
388 539 504 603 frivola
518 539 697 616 aestimare3
721 539 833 604 manius
849 540 941 605 unius
958 541 1050 626 digiti
1068 545 1226 628 unguibus
1242 564 1308 610 ma-

151 628 210 691 nis
240 627 372 691 alterius
396 626 496 712 pelles
526 627 717 705 discindere,
749 641 783 692 et
811 629 949 692 alternas
979 630 1160 694 alterutrim
1189 633 1309 698 discer-

151 737 229 801 pere
245 715 297 779 vel
313 714 467 778 dilaniare
479 738 487 790 ;
503 737 552 791 ac,
564 715 589 778 si
602 715 632 779 ei
645 714 897 800 permitteretur,
915 739 950 780 se
963 717 1013 780 vel
1029 717 1062 780 in
1078 718 1167 805 aquis
1178 734 1234 785 aut
1247 721 1308 785 flu-

151 803 236 867 mine
252 801 453 887 praecipitare
470 826 478 878 ;
502 816 535 866 et
551 817 624 886 post
640 804 757 881 omnia,
771 803 831 867 sibi
853 802 1028 868 assidentes
1052 819 1108 870 aut
1123 807 1308 894 colloquen-

152 904 212 967 tes,
241 891 484 990 quibuscunque
514 902 654 974 poterat,
679 889 750 954 telis
778 891 829 954 vel
855 890 994 955 cultellis
1019 891 1051 955 in
1075 893 1224 979 proximo
1247 895 1307 960 sibi

151 991 304 1062 apposrtrs
335 991 500 1062 appetere,
526 989 560 1041 et
586 978 720 1042 vulnera
743 977 859 1062 saepius
889 977 1082 1064 intemptata
1109 1003 1205 1046 manu
1230 983 1308 1047 furi-

151 1064 271 1142 bunda,
296 1078 332 1128 ut
359 1065 388 1128 ei
414 1065 673 1150 permittebatur.
700 1064 856 1150 infligere.
909 1064 994 1129 Nam
1019 1067 1095 1153 quia
1121 1068 1307 1135 insanientis

151 1151 275 1216 rabiem
297 1164 465 1229 noverant,
498 1152 640 1216 nonnulli
670 1151 700 1216 ei
730 1175 840 1216 curam
877 1153 1114 1237 diligentiorem
1151 1157 1308 1223 adhibue-

151 1252 249 1316 rant3
293 1239 423 1325 quidam
446 1239 524 1303 verb
555 1239 644 1303 illum
674 1239 848 1305 devitando
878 1241 1105 1319 declinabant3
1144 1243 1198 1308 alii
1228 1248 1307 1312 verb

153 1327 221 1412 ejus
267 1327 449 1391 ministeriis
486 1326 632 1412 deputati
672 1351 706 1391 se
747 1327 923 1392 modestids
969 1343 1002 1393 et
1044 1333 1306 1417 circumspectiirs

151 1414 378 1500 praeferebant.
441 1415 523 1478 Tam
554 1413 609 1478 diu
640 1414 737 1499 igitur
763 1414 900 1480 inlecto
925 1431 1066 1500 aegrotus
1094 1419 1305 1500 decubuerat,

152 1524 190 1566 ac
215 1502 274 1566 sibi
300 1501 450 1566 immotus
478 1500 559 1586 pene
588 1502 687 1588 pelles
707 1525 744 1566 ae
771 1525 881 1568 carues
911 1504 1090 1584 attriverat,
1115 1508 1203 1593 quod
1237 1531 1308 1573 car-

152 1591 245 1654 nibus
273 1590 388 1668 exesis,
420 1589 516 1653 etiam
541 1612 613 1653 ossa
636 1589 795 1668 tibiarum,
826 1614 969 1674 genuum
991 1615 1028 1657 ac
1051 1593 1188 1658 laterum
1218 1596 1307 1660 nuda

152 1678 385 1762 propemodum
416 1677 624 1762 apparebant.
685 1677 826 1743 Dicebat
856 1678 953 1742 etiam
983 1703 1017 1744 se
1047 1680 1153 1766 potiris
1189 1705 1304 1747 canum

152 1765 287 1829 latratus
303 1765 354 1829 vel
369 1787 521 1850 pecorum
545 1765 681 1842 balatus,
699 1765 846 1829 aviumve
869 1780 981 1830 cantus
1004 1791 1190 1852 agnoscere,
1209 1793 1306 1856 quam

152 1852 280 1939 eloquia
308 1853 359 1916 vel
385 1853 579 1917 documenta
601 1852 740 1917 humana
762 1876 967 1937 cognoscere,
994 1855 1109 1918 athiis
1133 1856 1306 1940 gratiosids

152 1940 348 2004 delectatum
385 1940 622 2026 adquiescendo
654 1939 810 2004 insistere.
873 1940 1112 2030 Nonnunquam
1143 1943 1220 2008 vero
1255 1959 1305 2010 tot

153 2042 296 2091 catervas
323 2028 505 2091 daemonum
533 2051 567 2091 se
597 2028 871 2092 circumvallantes
898 2030 1034 2107 viderat,
1062 2031 1151 2117 quod
1174 2031 1306 2109 horrida

152 2138 263 2179 eorum
280 2115 370 2193 visio,
387 2131 420 2179 et
436 2114 532 2179 facies
549 2114 652 2178 lurida
667 2138 704 2178 ac
727 2108 857 2193 torrida,
875 2129 908 2180 et
932 2140 996 2181 vox
1019 2118 1154 2183 stridula
1169 2142 1206 2182 ac
1222 2119 1305 2205 igni-

152 2225 257 2279 voma,
274 2226 347 2266 cum
363 2202 567 2267 multitudine
592 2202 722 2266 confusa
737 2225 774 2266 ac
797 2203 935 2282 dissona,
952 2227 1120 2270 numerum
1143 2209 1304 2272 excedere

152 2290 346 2354 confidebat.
409 2289 527 2353 Tribus
557 2313 634 2352 vero
665 2290 851 2354 ebdomadis
882 2291 938 2354 tali
967 2292 1089 2357 insania
1114 2294 1215 2372 actuS,
1243 2295 1304 2361 hac

153 2377 272 2441 vadens
289 2377 437 2463 illucque,
454 2377 633 2461 gradiendo
649 2391 682 2442 et
697 2377 922 2462 regrediendo,
939 2402 985 2457 se,
1004 2381 1215 2468 undequaque
1231 2405 1306 2467 per-

151 2465 351 2541 mittebatur,
368 2464 583 2540 circumtulit3
607 2464 721 2550 quibus
737 2465 884 2550 peractis,
902 2479 938 2530 ut
961 2468 1082 2546 retulit,
1100 2483 1196 2533 nocte
1219 2470 1303 2534 fort&

152 2565 329 2636 soporatus,
346 2551 520 2635 gloriosum
540 2551 659 2616 Christi
680 2552 849 2617 Martirem
877 2554 1030 2619 Sanctum
1056 2555 1215 2621 Thomam
1242 2559 1305 2621 Ar-

151 2639 388 2725 chiepiscopum
407 2639 672 2704 Cantuariensem
688 2639 746 2703 sibi
764 2640 964 2704 assistentem
980 2664 1057 2706 mox
1076 2658 1111 2706 ut
1134 2646 1304 2729 conspexit

152 2726 295 2809 agnovit.
344 2727 422 2791 Erat
438 2727 568 2814 quidem
584 2726 631 2789 vir
643 2726 847 2812 elegantioris
862 2727 985 2806 formae,
998 2743 1130 2794 staturae
1145 2754 1300 2817 procerae,
1323 2748 1325 2753 ’

151 2815 245 2880 faoiei
261 2815 491 2902 aliquantulum
507 2814 694 2900 productilis
711 2838 747 2879 ac
765 2814 925 2900 oblongae,
943 2817 1040 2902 pallio
1057 2817 1149 2902 nigro
1164 2819 1302 2904 pellibus

152 2902 274 2987 agninis
290 2902 501 2967 candentibus
513 2901 618 2966 obsito
631 2902 772 2981 indutus,
786 2902 915 2987 pilleolo
928 2904 1040 2989 capitis
1056 2905 1176 2971 vertice
1192 2930 1303 2991 peror-

152 3005 257 3056 natus.
308 2990 371 3065 Qui
388 3013 461 3054 eum
482 2989 598 3054 talibus
622 2990 736 3054 affatus
759 2989 916 3076 alloquiis,
933 2991 997 3068 ait;
1023 3003 1045 3033 ‘⁴
1062 2991 1172 3066 Quare
1190 2994 1305 3059 Domi-

152 3102 211 3142 nus
228 3093 302 3142 tuus
317 3078 359 3143 ad
384 3078 536 3142 Sanctum
554 3077 770 3142 Cuthbertum
786 3078 838 3142 vel
861 3079 969 3143 adme
993 3103 1058 3143 non
1081 3081 1301 3164 proficiscitur,

152 3180 188 3231 ut
215 3168 256 3231 de
279 3165 464 3230 infirmitate
487 3165 544 3228 suli
565 3165 701 3229 salutem
724 3167 875 3252 consequi
892 3181 1054 3232 mereatur
1063 3169 1098 3233 '3⁹’
1147 3168 1304 3234 Dissimu-

151 3254 238 3318 laute
255 3252 332 3318 verb
348 3276 452 3335 servo,
469 3251 633 3317 dominum
649 3275 741 3316 suum
757 3275 824 3338 prae
848 3252 943 3317 nimia
966 3254 1068 3319 morbi
1092 3255 1303 3323 invalitudine

153 3348 195 3407 ad
208 3340 415 3408 Cantuariam
427 3363 491 3403 non
502 3363 594 3425 posse
605 3340 746 3426 peditem
758 3341 808 3404 vel
818 3341 1017 3428 equitantem
1028 3345 1215 3427 procedere,
1228 3346 1305 3410 talia

152 3430 250 3514 coepit
265 3452 321 3493 ore
338 3428 483 3514 jocundo
498 3427 653 3492 disserere
667 3452 676 3503 ;
702 3438 723 3469 “
740 3428 782 3491 Et
798 3427 824 3490 si
843 3428 1060 3509 Cautuariam,
1074 3453 1138 3516 quo
1154 3445 1189 3495 tu
1205 3433 1304 3498 corde

152 3518 228 3582 satis
252 3516 382 3603 aspiras,
403 3539 467 3580 non
490 3515 586 3592 valet,
613 3538 711 3602 eques
734 3516 784 3579 vel
809 3516 919 3601 pedes,
946 3516 1093 3582 dominus
1117 3533 1190 3583 tuus
1214 3543 1305 3585 acce-

153 3607 242 3684 dere,
259 3604 371 3669 saltem
386 3603 527 3690 equestri
544 3602 691 3667 vehiculo
706 3602 807 3667 leviirs
823 3605 994 3668 subvectus
1010 3606 1050 3668 ad
1066 3629 1118 3670 me
1134 3607 1186 3671 vel
1206 3609 1305 3672 Sanc·

154 3708 222 3757 tum
255 3691 471 3758 Cuthbertum
501 3704 608 3776 posset
638 3690 761 3755 facilils
791 3692 969 3776 pervenire.
1034 3693 1131 3758 Unde
1162 3694 1238 3781 quia
1268 3710 1303 3760 tu

153 3781 243 3846 illum
269 3780 365 3867 quim
391 3777 528 3843 maxim&
556 3777 671 3863 diligis,
703 3803 743 3843 eo
774 3778 939 3843 obtinente
969 3780 1105 3845 salutem
1135 3783 1303 3867 pristinam

152 3865 364 3954 consequeris,
382 3881 415 3931 et
430 3866 491 3930 hoc
507 3865 592 3937 idem
609 3866 739 3930 domino
755 3879 811 3929 tuo
829 3866 988 3930 Dominus
1003 3867 1205 3954 omnipotens
1228 3894 1305 3935 con-

153 3957 289 4033 tulisset,
306 3958 332 4018 si
355 3955 396 4018 ad
424 3953 532 4018 Sancti
555 3953 663 4018 limina
683 3966 716 4018 et
732 3953 872 4018 subsidia
887 3955 1112 4039 confugisset.”
1159 3957 1244 4022 Mox
1268 3971 1304 4023 ut

153 4045 206 4110 ille
222 4041 389 4129 disparuit,
403 4041 555 4126 evigilans
572 4041 713 4105 infirmus
726 4040 757 4104 in
769 4040 932 4126 pristinam
945 4041 1136 4108 infirmitatis
1148 4045 1303 4111 insaniam

153 4133 307 4217 relapsus,
324 4130 379 4195 vix
401 4152 513 4194 manus
537 4129 576 4193 ab
600 4128 665 4192 ictu
688 4129 739 4193 vel
762 4129 905 4207 vulnere,
922 4152 957 4193 os
980 4153 1056 4195 vero
1071 4144 1104 4195 et
1120 4132 1261 4217 linguam
1284 4157 1304 4198 a

154 4219 319 4284 cantilenis
335 4215 563 4303 supersticiosis
579 4230 612 4280 et
628 4216 732 4281 verbis
755 4218 958 4301 supervacuis
981 4233 1037 4282 seu
1061 4218 1149 4283 seriis
1173 4219 1302 4285 ludicris

154 4329 190 4369 ac
206 4306 364 4392 turpibus,
382 4318 489 4369 tamen
507 4303 656 4367 rithmico
672 4316 783 4368 tenore
798 4326 872 4367 cum
894 4306 1023 4369 textura
1045 4306 1302 4386 decurrentibus,

154 4394 313 4459 abstinere
343 4391 522 4478 praevaluit.
570 4389 696 4475 Nempe
724 4389 856 4455 saeviens
880 4414 917 4454 ac
941 4390 1049 4460 furens
1072 4417 1198 4480 semper
1218 4395 1302 4460 hunc
