2924 4966
148 352 222 417 Μ
500 356 716 409 unctulum
747 358 931 409 mouscin

146 528 349 595 semianimes
375 548 395 591 a
417 524 529 589 mortis
551 523 642 609 lapsu
666 536 808 600 revocat,
828 536 862 587 et
888 523 1077 611 desperatos
1102 524 1147 591 ad
1167 527 1285 613 januam

147 620 224 683 sitio
240 614 440 681 restituendo
456 613 620 677 reformat.
669 611 768 685 Quod
787 634 844 675 nos
863 611 961 677 etiam
976 613 1135 679 moderno
1155 629 1287 702 tempore

148 708 189 771 ab
205 706 275 791 ipso
290 703 359 768 fieri
375 701 522 777 vidimus,
535 715 569 765 et
584 714 716 786 propter
732 699 829 785 ipsius
838 699 973 763 nominis
984 700 1123 786 gloriam
1134 703 1311 787 silentibus,

149 794 239 859 labiis
255 792 390 857 reticere
407 812 470 853 non
486 811 664 874 possumus.
711 786 926 873 Temporibus
941 788 1073 888 quidem
1090 790 1171 869 istis,
1191 790 1291 856 Sancti

153 881 290 968 Spiritlts
317 877 466 943 Paracliti
488 876 670 961 sollempnis
692 873 849 940 festivitas
869 875 1066 955 imminebat,
1084 878 1292 980 frequensque

149 968 259 1069 populi
282 988 454 1031 concursus
476 965 689 1051 undecunque
718 962 810 1027 Beati
836 964 1008 1029 Cuthberti
1029 966 1178 1031 ecclesiae
1194 967 1294 1033 litmna

149 1056 286 1119 invisere
301 1054 502 1139 disponebat.
549 1050 635 1116 Nam
649 1050 911 1138 quinquagesimi
925 1053 1082 1137 paschalis
1095 1055 1207 1140 gaudii
1222 1055 1295 1120 lati-

149 1144 198 1207 cis
211 1144 280 1228 jam
297 1164 397 1226 nuper
412 1139 554 1226 expleti,
565 1139 609 1203 ibi
624 1137 860 1224 competentius
875 1140 1081 1225 solempnitas
1094 1141 1174 1206 doni
1194 1142 1296 1208 Sancti

154 1229 291 1315 Spiritus
315 1228 470 1294 celebrari
492 1226 615 1305 debuit,
633 1226 687 1291 ubi
715 1225 748 1289 in
774 1227 868 1291 Beati
894 1228 1065 1293 Cutbberti
1089 1231 1297 1295 sacratissimi

150 1318 319 1383 sanctitate
343 1333 377 1382 et
404 1315 546 1401 corporis
570 1313 766 1399 integritate,
794 1315 923 1400 majoris
946 1315 1073 1382 virtutis
1097 1317 1245 1403 dignatio
1266 1334 1298 1383 et

150 1406 267 1469 ‹livinse
283 1405 396 1490 gratias
412 1403 518 1489 portio
533 1403 744 1467 excellentior
758 1402 830 1467 suit.
880 1403 1046 1491 Siquidem
1061 1420 1096 1470 et
1112 1405 1158 1471 ibi
1174 1408 1298 1493 pontifi·

150 1495 226 1558 calis
240 1492 472 1557 benedictionis
488 1490 658 1568 absolutio,
675 1504 709 1555 et
728 1490 980 1577 quadragenaria
998 1492 1125 1557 dierum
1143 1495 1299 1596 poeniten·

151 1582 205 1645 tire
229 1581 353 1645 indulta
375 1579 529 1656 remissio,
547 1594 581 1644 et
604 1577 733 1664 piissimi
752 1578 952 1645 Consessoris
967 1579 1174 1646 auxiliatorta
1189 1606 1298 1649 conso-

152 1669 240 1747 latio,
266 1669 438 1733 multorum
462 1667 585 1731 animos
607 1664 711 1731 acrius
732 1665 948 1732 accendebat:
973 1667 1135 1734 absolutio
1158 1670 1202 1736 de
1225 1694 1298 1736 con-

150 1758 235 1823 fesso
252 1756 373 1842 peccati
390 1755 546 1830 litcinore3
563 1754 708 1819 remissio
722 1753 764 1818 de
779 1754 930 1838 injunctis
944 1754 1057 1820 diebus
1072 1756 1256 1823 afflictionis
1267 1770 1298 1824 et

151 1845 372 1919 abstineutiae3
388 1842 565 1907 consolatio
580 1842 621 1907 de
641 1841 693 1927 pia
714 1841 873 1927 pontilicis
889 1856 922 1907 et
942 1842 1186 1909 interventionis
1206 1846 1297 1933 ipsius

151 1933 361 1999 advocatione
375 1958 383 1997 ε
399 1932 469 1996 lucc
484 1930 592 1995 omnia
606 1929 732 1995 diverse
743 1929 859 1994 diversi
872 1931 976 1995 cordis
985 1932 1163 1997 multorum
1175 1934 1298 2001 fueraut

152 2020 377 2086 consolamine.
437 2019 564 2084 Fratres
591 2018 689 2103 igitur
714 2017 858 2082 ecclesiae
884 2018 1009 2083 diversa
1036 2036 1299 2087 omamentorum

151 2107 365 2195 pulcritudine
389 2107 486 2193 ipsius
508 2107 646 2192 parietes
669 2105 880 2192 expolierant,
904 2119 938 2171 et
959 2130 1098 2194 quaeque
1125 2108 1300 2175 honorifica

153 2197 328 2261 officiorum
345 2195 519 2259 ministeria
533 2193 662 2260 decenti
676 2193 897 2259 moderatione
913 2210 1175 2280 perornaverunt.
1204 2198 1299 2264 Unde

153 2301 187 2350 et
202 2284 404 2370 cotnpanaria
419 2283 568 2361 maxima,
585 2305 659 2369 quoe
674 2280 750 2345 foris
766 2282 934 2347 ecclesiam
948 2282 1086 2363 fuerant,
1103 2306 1165 2384 pro
1179 2285 1300 2351 festivi-

154 2372 228 2437 tatis
253 2385 351 2437 tontso
367 2371 560 2456 sollempniis
577 2369 681 2435 sonari
697 2369 867 2435 faciebant.
912 2371 1052 2436 Juveues
1069 2371 1178 2457 igrtur,
1195 2397 1300 2439 senes-

154 2486 216 2550 que
232 2484 303 2525 cunr
315 2460 506 2545 junioribus,
524 2460 751 2534 accurrebant3
775 2471 809 2523 et
823 2458 900 2546 quia
913 2459 1039 2560 pondus
1054 2482 1169 2525 eorum
1183 2462 1301 2529 multo·

153 2573 223 2614 rum
240 2548 321 2613 vires
344 2560 537 2625 excesserat,
554 2544 792 2611 multitudinem
806 2570 846 2611 co
869 2546 1055 2612 iosrssimam
1077 2546 1111 2612 in
1131 2572 1232 2615 unum
1246 2573 1301 2637 ag·

154 2651 376 2721 grogsverant.
425 2635 475 2700 llli
488 2649 606 2712 tamen,
624 2634 679 2734 qui
695 2634 736 2700 de
754 2569 918 2700 Dunelmo
932 2635 1000 2700 nati
1017 2636 1157 2714 fuerant,
1175 2660 1246 2703 cam

155 2727 315 2790 uariorum
338 2724 567 2809 pulsandorum
583 2722 709 2808 perrciae
725 2721 876 2787 noticiam
891 2736 925 2789 et
947 2722 1024 2789 artis
1040 2724 1208 2789 scientiam
1230 2661 1301 2827 pluis

154 2814 325 2879 habebant.
374 2811 501 2898 Nempe
524 2835 598 2876 usus
621 2810 789 2875 exercitati
811 2810 917 2896 operis
935 2812 1033 2877 dabat
1055 2811 1186 2879 noticiae
1200 2836 1301 2879 scren-

154 2903 231 2968 tiam
247 2916 280 2965 ct
296 2915 397 2964 artem
412 2898 613 2984 cognitionis.
663 2899 760 2964 Unde
775 2898 909 2963 ministri
923 2899 1068 2965 ecclesiae
1078 2923 1179 2988 quam
1193 2901 1301 2967 multis

154 3005 343 3056 caeterorum
367 3011 484 3074 paucos
507 3010 618 3052 eorum
640 2987 859 3072 praetulerant,
891 3001 925 3051 et
949 2987 1176 3053 Dunelmeusis
1203 2989 1300 3055 Urbis

150 3081 286 3165 juvenes
302 3077 343 3141 ad
358 3076 504 3161 pulsandi
519 3074 678 3140 exercicia
692 3076 925 3160 proponebant.
973 3077 1057 3141 Cum
1079 3075 1178 3176 igitur
1200 3077 1301 3163 prima

155 3168 219 3233 diei
234 3168 314 3231 hora
329 3164 360 3228 in
372 3164 505 3229 ecclesid
516 3162 637 3227 cantari
652 3163 775 3241 debuit,
788 3162 830 3227 ad
845 3163 914 3227 haec
930 3185 1132 3249 campanana
1145 3165 1299 3242 sonanda,

155 3255 285 3342 copiosa
301 3252 566 3318 Dunelmeusium
584 3251 757 3315 multitudo
776 3251 933 3336 juvenum
957 3252 999 3317 ad
1021 3252 1083 3317 hoc
1099 3275 1181 3353 opus
1205 3252 1299 3318 officii

178 3344 320 3408 ulsatura
341 3339 485 3406 accessit.
533 3338 699 3403 l'ulsantes
721 3338 830 3423 igitur,
847 3352 881 3403 et
904 3338 1022 3405 viribus
1045 3341 1219 3426 plurimum
1237 3341 1300 3406 col-

154 3367 323 3507 luctantes,
335 3431 404 3515 jam
415 3427 534 3493 diutiirs
550 3426 605 3491 tali
620 3426 743 3491 sudoris
759 3426 934 3492 ministerio
950 3427 1140 3506 institerant,
1151 3442 1186 3494 et
1202 3428 1301 3495 dulci-

156 3520 253 3584 modo
268 3517 390 3582 sonitus
406 3515 521 3580 tinnitu
534 3515 707 3578 multorum
722 3538 815 3579 aures
830 3514 987 3581 suavitate
1002 3515 1167 3581 mitissimi
1177 3517 1300 3582 demul-

156 3608 259 3673 cendo
278 3605 513 3691 mitigaverant.
562 3600 677 3667 Subito
692 3602 811 3691 itaque,
828 3603 986 3689 plectrum
1001 3602 1093 3669 unius
1107 3603 1199 3669 miroe
1213 3627 1300 3690 mag-

156 3695 321 3772 nitudinis,
343 3693 540 3758 confractum
566 3690 693 3768 cecidit,
719 3704 753 3755 et
778 3691 871 3756 multi
898 3690 1020 3757 sonitbs
1041 3705 1181 3757 tremore
1208 3714 1298 3758 aures

156 3785 330 3849 multorum
355 3783 488 3846 horrore
515 3778 698 3865 complevit.
759 3778 823 3852 Qui
847 3802 924 3843 mox
949 3780 1060 3866 fugam
1085 3779 1228 3846 ineundo
1253 3779 1299 3844 sui

157 3870 494 3958 praesidioconsulunt‚
506 3867 590 3932 etad
605 3867 732 3932 diversa
742 3866 957 3953 confugiendo
966 3867 1109 3947 latibula,
1125 3868 1223 3934 saluti
1234 3891 1301 3933 sua·

155 3975 189 4026 et
205 3960 280 4024 vitae
295 3957 491 4024 consulendo
506 3954 715 4041 prospiciunt.
759 3955 892 4020 Juveuis
929 3955 1038 4021 uidam
1049 3969 1169 4034 tamen,
1185 3956 1229 4023 de
1243 3956 1303 4022 bu·

151 4050 205 4134 jus
217 4071 291 4113 casu
305 4045 510 4146 improvidus,
522 4043 653 4107 inferius
669 4066 741 4108 cum
757 4043 881 4108 caeteris
891 3979 932 4107 ad
942 4044 1006 4108 tale
1021 4043 1188 4129 negotium
1203 4059 1302 4109 stete·

156 4150 226 4212 rat;
249 4135 306 4199 sed
321 4134 390 4200 altis
405 4132 599 4217 fugientibus
611 4154 707 4218 super
719 4130 775 4195 tali
789 4130 931 4196 incursits
941 4131 1084 4216 negotio,
1095 4131 1156 4197 sibi
1171 4129 1302 4197 minimi

156 4223 400 4308 praecavendum
417 4220 629 4306 judicaverat.
678 4219 775 4284 Unde
795 4242 871 4284 mox
887 4242 930 4284 ex
944 4218 1116 4305 improviso
1131 4220 1302 4320 prael'atum

152 4312 305 4395 juvenem
320 4308 487 4395 oppressit,
501 4322 535 4372 et
551 4308 634 4371 testd
648 4306 759 4407 capitis
770 4306 942 4385 confiactd,
953 4307 1168 4392 resupinus-tn
1183 4323 1303 4380 terram

157 4398 286 4465 corruit.
333 4398 364 4461 T
365 4395 467 4463 estula
482 4395 611 4483 quidem
627 4397 739 4481 capitis
755 4393 904 4472 contrita,
924 4396 993 4482 jam
1016 4395 1058 4461 ad
1085 4396 1185 4483 pugni
1209 4396 1302 4463 unius
