2924 4966
200 304 273 380 192
574 316 791 371 REGINALDI
812 319 997 371 nossent

196 506 262 548 non
271 482 425 571 permisit.
444 481 561 548 Preces
570 482 700 571 quidem
712 482 1094 569 fratrum,solitopietatis
1105 506 1174 549 suta
1184 486 1347 565 more,ad·-

197 574 327 636 miserat
343 571 426 635 intra
440 595 506 634 suae
522 571 693 635 sacrarium
706 571 932 650 exauditionis,
943 572 1022 636 dum
1036 571 1148 637 mortis
1164 575 1347 658 contagium

196 658 341 736 extersit,
354 672 487 745 propter
508 658 557 722 sui
580 659 715 722 nominis
738 672 992 736 sacramentum3
1015 673 1050 724 et
1072 660 1264 745 supplicium
1286 662 1347 727 fra·

196 758 297 811 ternae
328 745 519 831 perdicionis
549 745 580 808 in
612 745 766 832 gaudium
796 746 956 812 convertit
985 770 1054 810 suae
1082 747 1187 811 laudis
1216 761 1251 812 et
1281 772 1346 815 sure

195 833 412 899 exultationis.
461 833 627 898 Justiciam
657 833 763 898 fratris
794 833 927 897 senioris
958 833 1109 912 attendit,
1142 833 1220 921 quia
1249 836 1347 900 devo-

194 920 289 985 tionis
305 943 420 985 munus
435 943 501 984 suae
516 944 630 985 munus
649 920 725 1011 [ita]
744 943 818 984 eum
841 944 860 984 a
883 934 988 984 morte
1011 921 1216 1007 protegendo
1231 921 1347 1008 imper·

194 1007 288 1073 tivit:
323 1007 463 1073 Junioris
486 1008 655 1094 conspexit
677 1007 892 1072 innocentiam
915 1008 992 1072 dum
1015 1030 1091 1072 eum
1112 1030 1178 1072 non
1203 1009 1345 1075 incidere

192 1094 315 1180 patitur
340 1097 371 1158 in
387 1095 528 1160 scandali
543 1097 609 1159 sive
631 1095 755 1180 peccati
776 1095 911 1159 ruinam.
959 1095 1135 1160 Peccatum
1149 1096 1282 1183 quidem
1300 1097 1348 1160 in-

192 1182 341 1247 currisset
357 1205 415 1267 per
430 1182 546 1268 piaculi
561 1195 686 1247 reatum
696 1205 706 1258 3
729 1183 925 1260 scandalum,
943 1205 1001 1269 per
1019 1183 1163 1246 consusae
1182 1185 1345 1250 conscien-

191 1269 246 1332 tiae
262 1269 501 1355 improperium.
550 1269 593 1334 Et
607 1271 720 1334 revera
734 1268 816 1333 illius
832 1269 1015 1334 innocentia
1029 1269 1139 1355 purior
1148 1293 1260 1337 coram
1271 1271 1344 1336 Deo

191 1355 333 1422 creditur
347 1380 443 1457 quam
466 1356 570 1442 perita
591 1357 765 1421 multorum
787 1356 1003 1442 providentia.
1050 1356 1136 1421 Nam
1159 1359 1230 1442 ejus
1252 1358 1345 1424 inno-

192 1443 332 1509 centiam
347 1443 533 1530 simplicitas
552 1447 585 1507 in
602 1444 750 1508 omnibus
765 1443 947 1521 comitatur,
964 1457 1009 1522 et,
1026 1466 1086 1529 pro
1101 1444 1262 1531 sapientia
1276 1446 1344 1511 aliis

192 1529 320 1594 uberiirs
336 1531 517 1608 distributa,
530 1531 560 1595 ei
576 1531 698 1595 timoris
713 1530 894 1610 clementia,
908 1544 942 1595 et
957 1532 1034 1596 fidei
1049 1531 1254 1596 continentia
1267 1555 1345 1597 con·

191 1618 342 1683 donatur.
392 1619 502 1696 Unde,
515 1641 575 1704 pro
586 1619 693 1685 nimiae
705 1617 913 1703 simplicitatis
928 1617 1100 1703 impericia,
1112 1641 1242 1704 semper
1256 1620 1341 1684 dorni

191 1728 282 1769 secus
305 1706 486 1792 sepulcrum
513 1705 606 1771 Beati
634 1705 816 1783 Cuthberti,
833 1705 875 1769 ad
896 1705 996 1790 pedes
1020 1704 1155 1769 Domini
1177 1707 1260 1773 Jest
1274 1708 1344 1793 ejus

191 1793 325 1858 verbum
341 1793 441 1870 audit,
459 1806 493 1858 et
508 1793 596 1881 quod
614 1792 693 1858 alius
709 1792 898 1878 prudentior
920 1815 980 1877 pro
995 1793 1051 1856 sua
1072 1796 1341 1877 magnanimitate

191 1903 256 1944 non
273 1879 419 1957 efficitur,
436 1880 497 1945 hoc
517 1883 577 1944 iste
596 1903 656 1967 pro
675 1881 842 1964 abjectiori
861 1880 1066 1965 simplicitate
1085 1902 1160 1943 curn
1174 1883 1340 1948 mitissind

190 1969 312 2054 pietate
322 1967 473 2031 custodit.
494 1968 536 2032 Et
548 1967 742 2055 quandoque
752 1967 794 2031 ad
802 1967 962 2050 regularia
970 1967 1102 2031 decreta
1112 1969 1337 2046 custodienda,

189 2077 249 2139 pro
273 2077 339 2116 suae
355 2054 485 2118 vilitatis
504 2056 697 2140 abjectione,
714 2055 928 2140 compellitur,
945 2053 1023 2118 dum
1045 2055 1124 2118 alius
1147 2056 1340 2141 prudentior

189 2140 374 2205 dissolutius
384 2145 555 2206 enutritur.
596 2143 683 2206 Miro
695 2141 793 2226 igitur
804 2140 901 2205 modo
917 2141 1037 2207 Beatus
1052 2141 1254 2207 Cuthbertus
1265 2143 1340 2209 hinc

210 2250 299 2292 reces
322 2227 456 2292 fratrum
479 2229 636 2307 adtendit,
654 2229 694 2292 ad
717 2229 766 2292 sui
788 2226 923 2292 nominis
945 2228 1101 2293 honorem
1124 2243 1159 2295 et
1190 2230 1336 2314 gloriam,

188 2251 262 2378 liinc
278 2313 367 2377 sratri
384 2316 591 2380 correctionis
611 2315 781 2380 terminum
805 2315 936 2379 indulsit
958 2329 992 2380 et
1007 2316 1121 2392 vitam;
1137 2315 1225 2381 illinc
1248 2317 1338 2382 inno-

189 2401 331 2465 cenciam
343 2425 362 2464 a
376 2403 500 2486 peccati
511 2404 623 2467 funere
636 2403 807 2467 custodivit
823 2403 1003 2481 innocuam,
1016 2417 1050 2468 et
1065 2403 1172 2468 meriti
1186 2404 1338 2470 innocen-

188 2503 258 2556 tum
273 2488 443 2553 certiorem
465 2490 603 2575 praebuit
626 2489 869 2575 experientiam.
917 2490 1038 2556 Beatus
1059 2490 1212 2557 nimirum
1235 2492 1338 2557 cuth-

188 2577 300 2639 bertus
322 2574 499 2640 innocentis
523 2576 673 2641 meritum
696 2577 772 2642 satis
795 2577 962 2642 evidenter
976 2577 1128 2656 ostendit,
1145 2579 1223 2665 quia
1244 2578 1337 2644 inno·

153 2700 158 2705 ·
188 2663 303 2727 centiae
318 2662 463 2728 manibus
478 2664 640 2729 homicidii
655 2666 748 2730 reatir
766 2664 866 2749 pollui
884 2665 1010 2740 noluit;
1043 2677 1077 2728 et
1092 2665 1204 2730 mundi
1230 2664 1336 2730 cordis

187 2751 414 2817 conscientiam
429 2751 690 2816 contaminationi
706 2775 770 2815 non
791 2752 943 2837 prodidit,
960 2753 1036 2840 quia
1049 2752 1082 2815 in
1097 2775 1181 2817 vano
1195 2753 1336 2821 animam

187 2861 278 2903 suam
293 2861 357 2901 non
373 2839 507 2924 accepit,
524 2839 579 2931 qui
595 2862 705 2904 omnes
721 2838 789 2903 dies
811 2839 887 2903 vitae
905 2862 983 2918 suae,
1000 2864 1020 2904 a
1033 2839 1171 2925 pueritia
1185 2863 1289 2927 usque
1303 2841 1337 2906 in

186 2926 320 3004 senium,
340 2925 471 2989 Dom'ni
486 2927 643 3012 mancipio
658 2927 852 3011 subjugavit,
869 2939 902 2991 et
921 2950 956 2992 se
975 2927 1069 2992 Beati
1086 2927 1261 2992 Cuthberti
1276 2929 1335 2995 sub

187 3013 311 3114 imperii
337 2950 491 3079 serviiute
515 3014 698 3099 prostrauit.
762 3013 875 3078 Senior
899 3013 963 3093 ille,
991 3015 1033 3080 de
1060 3014 1160 3078 choro
1184 3015 1332 3093 eductus,

185 3124 275 3185 cujus
287 3124 372 3187 genu
388 3102 560 3166 contritum
571 3100 786 3188 comperuisse
796 3113 998 3186 putaverant,
1013 3124 1124 3167 sanum
1136 3114 1171 3169 et
1182 3101 1332 3181 solidum,
1389 3124 1392 3129 ·

184 3210 248 3251 non
264 3188 331 3253 siue
347 3189 487 3253 maxima
501 3188 721 3266 admiratione,
738 3187 955 3253 inveniebant.
1001 3189 1087 3254 Nam
1102 3189 1226 3277 ingenti
1247 3190 1332 3257 mole

184 3276 335 3360 ponderis
351 3279 458 3341 omnia
469 3299 541 3340 ossa
555 3276 718 3341 confracta
731 3277 873 3360 reperire
884 3288 1168 3361 putaverant,cum
1175 3276 1332 3362 luugtrorc

185 3376 336 3429 secuturo
352 3366 555 3448 sempiternae
571 3363 815 3448 desperationis.
848 3363 913 3428 Sed
928 3363 1043 3427 mirum
1061 3363 1094 3427 in
1108 3363 1255 3443 modum,
1271 3387 1331 3430 nec

183 3450 321 3517 laesionis
338 3451 562 3517 contritionem
578 3451 695 3528 intulit,
712 3473 772 3514 nec
789 3451 926 3515 vulneris
941 3451 1047 3516 hiatus
1066 3451 1098 3515 in
1112 3473 1153 3514 eo
1168 3451 1329 3537 apparant,

181 3560 241 3601 nec
257 3561 385 3603 ossuum
396 3539 549 3623 junctura
563 3538 708 3616 dissiluit,
721 3560 781 3602 nec
796 3539 874 3602 ossis
888 3538 1032 3604 soliditas
1046 3537 1190 3624 pristinae
1205 3539 1331 3605 virtutis

181 3625 325 3711 vigorem
348 3625 507 3713 perdidit3
530 3626 587 3689 sed
611 3647 671 3689 nec
695 3625 737 3689 ad
762 3625 870 3691 livoris
894 3625 1051 3712 asperiem
1073 3625 1156 3690 ictus
1179 3626 1331 3711 ponderis

180 3713 273 3799 pellis
295 3713 485 3798 particulam
501 3712 684 3777 concitavit.
742 3713 829 3777 Mira
851 3736 901 3777 res
924 3726 959 3777 et
981 3714 1150 3799 stupenda,
1166 3713 1247 3777 dum
1261 3736 1331 3779 cer·

179 3799 259 3863 nalis
282 3800 431 3864 molliciei
454 3800 649 3877 teneritud0,
666 3800 801 3864 feriente
824 3799 905 3865 tanti
927 3801 1078 3886 ponderis
1092 3799 1194 3885 signo,
1211 3802 1329 3867 cedere

179 3887 241 3953 fuit
263 3887 391 3963 nescia3
414 3911 474 3952 nec
497 3887 635 3973 dirumpi
658 3888 748 3951 tenta
762 3888 846 3953 mole
869 3887 976 3973 potuit
991 3889 1079 3975 quod
1101 3910 1198 3952 carue
1211 3888 1330 3954 saltet

179 3974 339 4060 sanguinis
350 3975 474 4061 liquore
490 3975 726 4039 subsistentiam
741 3974 875 4039 habuit.¹
902 3975 993 4040 Hora
1009 3975 1106 4060 igitur
1116 3974 1251 4052 sanitas,
1266 3976 1330 4041 Be·

148 4061 232 4125 *ato
247 4062 428 4127 Cuthberto
445 4062 645 4147 disponente,
663 4085 682 4127 a
697 4063 836 4147 regulari
848 4062 986 4127 termino
996 4085 1061 4127 non
1069 4060 1236 4148 praeteriit,
1252 4064 1330 4151 quia

177 4147 302 4235 signum
332 4149 564 4239 aliquantulum
593 4150 649 4213 illo
675 4150 886 4215 contrahente
915 4150 1076 4226 intonuit;
1106 4171 1166 4214 nec
1195 4148 1328 4236 dampni

332 4328 383 4377 rIn
396 4327 512 4387 margine,
523 4342 597 4375 mana
610 4324 699 4390 eddam,
712 4328 886 4379 subsistentiae
901 4327 1026 4379 virtutem
1039 4326 1177 4378 emunxit.
