2924 4966
467 404 643 456 burnan.
665 405 867 469 cruentus,
887 405 973 456 ure.
1221 391 1291 458 155

151 570 255 657 griuas
272 570 420 634 ecclesias
437 569 507 634 talis
523 569 667 634 audierat
683 582 849 634 venustate
873 570 977 656 operis
1001 570 1166 655 eliblgere,
1183 571 1294 636 decre·

152 660 208 736 vit,
226 660 268 723 ob
287 657 380 722 Beati
406 658 575 723 Cuthberti
599 658 743 743 gloriam,
768 658 864 744 ipsius
887 657 1053 722 ecelesiam
1069 658 1124 722 tali
1139 659 1295 744 composi-

153 747 246 812 tionis
262 760 401 811 scemate
417 746 589 810 reficiendo
605 769 787 832 perornare.
824 747 920 811 Unde
936 745 1075 830 singulos
1090 746 1292 824 devotorum,

152 835 335 920 peregrinas
373 833 539 918 regionum
576 835 654 897 fines
688 834 836 918 religiosa
865 833 1065 897 institutione
1096 834 1293 913 adeuntium,

154 922 373 987 conveniendo
388 922 557 999 consuluit,
583 934 679 1008 atque
702 945 880 987 marmorea
902 921 1042 1006 lapidum
1066 921 1167 986 frusta
1181 922 1241 986 sibi
1264 923 1296 986 in

153 1011 214 1074 boc
230 1034 310 1095 opus
326 1023 526 1094 comportare
542 1010 701 1073 monendo
716 1010 852 1095 rogavit.
887 1008 1032 1094 Contigit
1047 1009 1144 1094 igitur
1159 1011 1294 1097 Harpin,

155 1099 289 1162 militem
306 1098 347 1161 de
366 1097 550 1175 Thorlaue,¹
570 1097 661 1162 Beati
682 1098 769 1161 Petri
795 1098 876 1162 velle
901 1097 1009 1160 limina
1024 1097 1177 1162 orationis
1193 1099 1298 1183 gratia

156 1186 302 1264 invisere,
334 1187 454 1270 etjam
478 1186 510 1249 in
533 1185 676 1249 accinctu
705 1187 753 1274 [in
776 1208 874 1268 marg.
897 1185 948 1249 vel
971 1185 1152 1272 procinctu]
1177 1185 1296 1251 itineris

157 1274 353 1359 expeditum,
371 1273 496 1358 abipso
515 1273 624 1337 Priore
640 1273 813 1338 venerabili
834 1272 1001 1337 itinerandi
1022 1273 1183 1337 licentiam
1199 1296 1298 1360 expe-

158 1363 241 1427 tisse.
291 1361 356 1436 Qui
372 1360 500 1424 solitum
516 1361 641 1446 pietatis
657 1362 796 1426 studium
819 1360 971 1426 oblivioni
994 1384 1057 1424 non
1081 1361 1223 1438 tradidit,
1240 1363 1298 1427 sed

157 1450 224 1514 viro
239 1450 394 1535 praedieto
409 1448 590 1534 hujusmodi
606 1449 823 1514 sollicitudinis
839 1472 969 1534 operam
989 1472 1132 1535 opusque
1151 1451 1184 1514 in
1203 1450 1297 1514 Beati

161 1538 331 1602 Cuthberti
360 1536 495 1601 nominis
524 1537 645 1602 bonore
676 1537 823 1623 injunxit.
887 1536 1023 1600 Romam
1049 1537 1157 1622 itaque
1184 1561 1220 1602 us
1244 1562 1295 1616 ue,

158 1626 300 1711 dispositi
316 1625 436 1688 itineris
452 1648 530 1709 opus
547 1648 619 1688 curn
635 1625 720 1689 omni
735 1626 946 1710 prosperitate
963 1624 1144 1702 conficiens,
1158 1561 1298 1710 lapidem

158 1736 380 1791 marmoreum,
406 1712 521 1776 mediae
549 1713 734 1800 quantitatis
761 1713 817 1776 sed
841 1712 975 1797 preciosi
998 1712 1152 1798 qualitate
1172 1713 1299 1797 generis

158 1801 373 1886 conspicuum,
390 1801 567 1885 assumpsit,
585 1824 722 1886 eumque
742 1801 845 1864 Beato
864 1800 1044 1865 Cuthberto
1068 1799 1148 1863 sicut
1164 1799 1196 1864 in
1211 1824 1300 1866 man-

158 1889 239 1954 datis
266 1901 444 1974 acceperat,
462 1888 670 1953 deserendum
689 1888 835 1952 instituit.
884 1888 926 1951 Et
945 1888 1021 1951 licet
1045 1887 1174 1951 alterius
1200 1890 1300 1975 bajuli

158 1977 332 2041 ministerio
348 1977 380 2039 in
395 1977 488 2061 hujus
498 1975 663 2040 deferendi
676 1976 779 2041 officio
791 1988 897 2061 posset
910 1999 943 2039 se
955 1975 1057 2060 ipsum
1067 1976 1300 2060 expeditiorem

159 2066 304 2143 reddere,
323 2064 434 2129 maluit
450 2076 557 2128 tamen
579 2064 610 2126 in
634 2063 743 2127 labore
767 2063 890 2127 sudoris
913 2062 1053 2148 propri0,
1070 2086 1165 2150 quam
1188 2065 1301 2129 alienae

160 2153 320 2218 servitutis
341 2152 509 2237 mancipio,
527 2152 586 2215 sibi
606 2151 698 2215 Beati
724 2151 895 2217 Cuthberti
918 2150 1165 2215 misericordiam
1188 2153 1302 2222 famili-

160 2241 274 2306 aritate
290 2240 464 2305 domestica
479 2240 693 2325 comparando
708 2240 887 2327 adquirere.
915 2240 1012 2304 Unde
1024 2262 1150 2324 semper
1165 2240 1302 2326 ipsemet

161 2329 307 2415 praedicti
323 2352 402 2392 onus
417 2327 529 2412 lapidis
545 2328 576 2390 in
589 2328 762 2415 equitando
777 2328 903 2406 detulit,
922 2341 954 2391 et
970 2327 1002 2390 in
1017 2327 1101 2390 sinus
1120 2328 1168 2392 sui
1179 2329 1303 2414 gremio

161 2417 242 2481 ulnis
269 2416 495 2480 sustinentibus
525 2418 573 2505 [r'n
596 2437 694 2498 marg.
720 2417 769 2480 vel
792 2415 1056 2502 sustentantibus]
1091 2417 1302 2502 conportavit.

166 2505 245 2569 Erat
260 2502 416 2592 siqdidem
433 2503 529 2567 Miles
553 2503 751 2582 fortissimus,
769 2504 891 2568 statura
913 2526 1074 2589 procerus,
1091 2504 1189 2568 duelli
1213 2528 1304 2590 saga·

163 2592 259 2657 citate
282 2592 414 2678 perituS,
431 2592 479 2655 vir
507 2592 675 2656 bellicosus
706 2615 813 2676 opere,
831 2606 977 2656 strenuus
1002 2591 1101 2656 omnis
1124 2592 1304 2677 prudentiae

163 2681 412 2768 aequanimitate.
476 2680 540 2743 Sed
577 2680 654 2743 nulli
684 2679 898 2743 ministrorum
930 2679 1019 2743 illum
1050 2679 1180 2743 omnini>
1218 2705 1305 2746 com-

163 2769 292 2834 mittere
322 2768 434 2845 voluit,
465 2767 540 2854 quia
569 2767 667 2831 totius
693 2768 848 2832 mercedis
878 2767 1055 2853 praemium,
1085 2768 1165 2832 sicut
1190 2771 1304 2855 saepius

164 2856 309 2935 asseruit,
341 2857 358 2920 i
394 2856 497 2919 Beato
530 2856 710 2920 Cuthberto
736 2855 795 2919 sibi
824 2855 962 2919 retinere
992 2855 1159 2940 disposuit.
1222 2859 1306 2923 Cum

161 2945 242 3030 ergo
263 2945 295 3008 in
315 2943 481 3008 redeundo
503 2967 589 3007 mare
613 2943 746 3008 transire
770 2943 935 3028 disposuit,
952 2943 1039 3006 navis
1062 2942 1213 3008 interiora
1233 2968 1305 3010 cum

165 3055 249 3120 equo
275 3045 309 3097 et
333 3032 424 3096 sociis
451 3032 558 3110 subiit,
576 3045 609 3095 et
636 3055 731 3117 quam
756 3030 881 3116 lougiirs
905 3054 963 3116 per
987 3031 1122 3116 aequoris
1145 3032 1211 3095 alta
1233 3055 1305 3098 cum

165 3121 329 3185 alacritate
359 3118 524 3206 processit.
587 3119 701 3183 Subito
734 3119 841 3206 itaque
879 3142 966 3183 mare
1004 3118 1094 3183 saevis
1129 3119 1306 3185 turbinibus

187 3208 317 3286 uatitur,
335 3207 537 3272 saevientibus
563 3207 725 3270 undisonis
748 3207 896 3271 fluctibus
919 3229 1030 3293 aequor
1051 3206 1200 3291 agitatur.
1249 3210 1305 3273 Vi-

165 3232 259 3361 deres
282 3296 416 3360 subnina
441 3297 553 3359 crebra
575 3295 763 3373 discurrere,
780 3307 949 3359 ventorum
972 3295 1073 3358 flabra
1097 3294 1305 3362 debachando

166 3384 342 3469 insurgere,
368 3384 440 3448 vela
469 3395 502 3446 et
526 3382 658 3467 remigia
683 3383 761 3447 flatu
785 3381 948 3446 insultanti
975 3381 1118 3446 dissilire.
1180 3382 1306 3449 Navem

166 3471 244 3537 veri>
271 3473 463 3572 quandoque
487 3471 592 3534 delabi
619 3494 718 3557 usque
748 3471 842 3535 maris
866 3469 907 3534 ad
933 3470 1052 3547 infima,
1080 3493 1307 3559 nonnunquam

167 3560 342 3624 lateralrter
357 3558 499 3625 inclinari
514 3559 556 3622 ad
572 3582 711 3645 aequora.
760 3559 857 3623 Unde
873 3558 1002 3642 insuper
1019 3559 1203 3623 multotiens
1218 3561 1307 3625 navis

168 3647 260 3713 alveo
276 3647 447 3711 insidentes
463 3647 653 3724 insiliebant,
671 3646 834 3732 omnisque
858 3646 925 3731 spei
950 3645 1123 3710 subsidium
1150 3648 1200 3711 vel
1217 3673 1308 3735 erep-

168 3735 262 3800 tionis
284 3735 461 3800 remedium
485 3733 613 3798 omnini>
637 3734 816 3798 amiserant.
863 3734 967 3811 Tunc,
990 3734 1141 3798 nauclero
1159 3736 1307 3820 jubente,

168 3837 320 3911 metuque
332 3825 443 3886 mortis
459 3823 681 3907 compellente,
693 3845 791 3909 equos
804 3836 837 3887 et
853 3821 971 3885 cibaria
982 3822 1127 3885 certatim
1143 3838 1309 3909 coepernnt

167 3911 283 3994 eicere,
312 3925 348 3974 ut
377 3910 465 3975 navis
495 3912 644 3974 oneribus
675 3910 826 3995 expositis
856 3909 984 3974 liberius
1011 3910 1166 3994 potuisset
1197 3912 1309 3977 leniori

156 3993 386 4084 'gubernaculo
401 3998 605 4084 procedendo
624 4021 805 4063 excurrere.
854 3998 981 4083 Equum
1004 3997 1101 4060 etiam
1125 3997 1250 4078 Militis,
1269 4001 1309 4066 de

171 4109 234 4174 quo
250 4087 398 4164 diximus,
415 4086 456 4150 de
472 4086 558 4150 navis
574 4085 701 4149 sedibus
716 4086 976 4162 exturbaverant,
994 4098 1027 4148 et
1042 4085 1074 4148 in
1090 4086 1184 4149 maris
1203 4088 1310 4152 medio

169 4175 355 4260 proiciendo
385 4175 612 4238 demerserant.
674 4173 738 4238 Dei
764 4188 870 4238 tamen
894 4172 1109 4237 misericordia
1130 4173 1213 4252 fulti,
1237 4190 1310 4261 post

169 4285 257 4330 saeva
294 4264 517 4348 fatigationum
556 4261 730 4346 dispendia,
769 4262 961 4349 quandoque
999 4273 1145 4345 optatum
1182 4278 1310 4349 portum

343 4438 351 4476 ¹
369 4440 427 4493 The
440 4441 555 4506 Harpina
567 4455 634 4491 were
646 4457 745 4494 ownert
756 4441 786 4495 of
799 4439 933 4507 Thomley
944 4445 972 4492 at
984 4439 1035 4492 this
1047 4439 1141 4506 period.
