2924 4966
150 342 225 411 218
512 348 733 402 nacturum
761 350 949 402 uouacsrr

152 520 281 595 dieitur,
312 514 500 581 catervatim
529 514 737 601 properabat.
807 513 857 580 Ibi
888 512 1011 579 etenim
1041 535 1172 580 sacrum
1198 537 1307 601 corpus

157 608 293 692 Reginae
323 603 505 690 requiescit,
538 604 628 687 cujus
661 600 841 666 sanctitatis
867 602 1023 667 virtutem
1053 603 1160 667 omnis
1195 605 1306 667 Scotiae

153 694 245 779 regio
261 704 433 755 veneratur
448 704 481 754 et
504 689 636 754 excolit.
685 690 785 754 Unde
808 712 882 753 curn
908 689 1004 755 Beati
1035 690 1212 756 Cuthberti
1239 691 1308 755 reli·

154 781 238 868 quiis
251 779 317 855 illo,
334 778 386 842 die
403 790 525 841 statuto
540 776 734 854 festivitatis,
745 789 930 854 occurrunt,
947 790 981 841 et
996 777 1178 844 honorifice
1192 780 1311 863 recepti

156 893 175 932 a
190 866 340 931 fratribus
356 864 552 941 monasterii,
569 863 656 929 diem
678 886 753 928 curn
776 865 823 929 eis
845 864 1058 949 sollempnem
1076 877 1312 950 transegerunt.

161 952 336 1037 Sollempni
364 952 461 1037 igitur
491 953 704 1037 processione,
719 974 779 1037 pro
808 964 910 1016 tantae
936 952 1074 1037 Reginae
1106 955 1313 1018 veneratione

157 1042 308 1117 instante,
348 1062 407 1125 pro
444 1040 626 1103 reverentia
661 1039 763 1103 sancti
796 1038 973 1117 Pontificis,
1009 1039 1106 1103 Beati
1141 1040 1312 1105 Cuthberti

159 1127 308 1214 reliquias
325 1126 509 1210 praecedere
524 1126 639 1190 fratres
654 1126 799 1190 ecclesiae
811 1125 1055 1212 permittebant,
1066 1126 1145 1227 quia
1163 1129 1312 1192 Sanctam

163 1214 319 1298 Reginam
336 1214 367 1276 in
392 1213 457 1276 vita
472 1215 529 1277 suit
551 1213 711 1277 neminem
739 1215 932 1277 Sanctorum
954 1213 1040 1278 adeo
1058 1214 1215 1279 dilexisse
1235 1214 1312 1280 sicut

163 1302 302 1366 Beatum
329 1300 546 1366 Cuthbertum
570 1302 602 1362 in
625 1301 707 1365 libro
730 1299 814 1364 vitoe¹
838 1301 908 1385 ejus
928 1301 1087 1385 legerant,
1113 1314 1149 1366 et
1171 1302 1312 1387 plurimis

161 1387 391 1473 experimentis
403 1388 478 1450 satis
490 1387 681 1451 didicerant.
730 1388 907 1451 Ecclesiam
919 1387 1078 1474 siquidem
1097 1388 1195 1454 Beati
1215 1390 1315 1455 Cuth-

160 1475 256 1552 berti,
273 1475 374 1538 multat
389 1488 650 1538 ornamentorum
666 1474 880 1559 pulcritudine
895 1475 1120 1554 decoraverat,
1138 1491 1172 1541 et
1189 1490 1314 1541 textum

161 1566 377 1647 argenteum,²
391 1584 526 1646 cappam
549 1562 683 1626 sindone
702 1563 900 1647 praeciosam,
916 1575 951 1626 et
966 1585 1097 1627 crucem
1112 1564 1314 1649 praemirificd

162 1650 333 1713 unionibus
360 1662 393 1712 et
423 1649 602 1733 margaritis
629 1648 866 1734 expolientibus
896 1649 1064 1727 radiatam,
1093 1674 1193 1737 quam
1220 1653 1315 1716 etiarn

163 1737 301 1800 moriens
318 1736 349 1798 in
364 1758 460 1799 mauu
480 1736 540 1800 sibi
564 1750 725 1813 tenuerat,
746 1737 849 1801 Beato
876 1737 1060 1802 Cuthberto
1085 1739 1314 1804 transmiserat.

168 1825 265 1889 Unde
281 1825 395 1888 fratres
412 1823 557 1887 ecclesiae
572 1824 674 1887 omnis
694 1823 739 1887 eis
761 1824 890 1887 honoris
912 1825 1130 1889 reverentiam
1152 1826 1317 1912 impende·

163 1924 249 1989 runt,
266 1911 342 1998 quia
357 1922 456 1974 tantae
479 1911 658 1975 dilectionis
681 1911 804 1976 foedera
825 1912 909 1976 inter
927 1912 1081 1976 Sanctum
1099 1914 1317 1979 Cuthbertum

164 2012 197 2063 et
212 2000 341 2062 beatam
355 1998 513 2082 Reginam
529 1999 727 2083 praecessisse
742 2011 973 2082 cognoverunt.
1014 2000 1226 2066 Processione
1244 2024 1317 2065 vero

164 2085 265 2163 finita,
285 2086 398 2149 Frater
422 2086 651 2150 Dunelmensis
674 2109 747 2150 cum
771 2086 913 2174 reliquiis
939 2086 1003 2150 suis
1028 2100 1063 2151 et
1085 2088 1222 2167 clericis,
1247 2102 1316 2174 post

165 2173 270 2236 missae
285 2172 481 2237 oblationem
497 2196 650 2251 seorsum,
675 2174 796 2260 populo
821 2175 955 2239 verbum
981 2175 1045 2239 Dei
1069 2176 1314 2260 praedicaturus,

165 2260 282 2344 prodiit
294 2283 303 2335 ;
326 2272 360 2324 et
384 2260 534 2324 miserum
550 2261 712 2347 quendam
734 2260 946 2326 insanientem
968 2284 1043 2325 casu
1066 2262 1202 2327 invenit.
1252 2263 1315 2338 Qut

166 2361 253 2411 totus
268 2369 403 2432 corpore
419 2347 570 2432 explosus
586 2349 618 2411 in
634 2349 720 2413 terri
742 2348 906 2426 decubuit,
923 2361 957 2412 et
971 2371 1069 2414 voees
1084 2349 1172 2415 diras
1197 2363 1232 2414 et
1246 2351 1315 2415 stri·

166 2435 257 2500 dulas
276 2435 486 2498 frementibus
510 2435 600 2499 labiis
624 2450 657 2500 et
680 2437 900 2522 spumantibus
927 2437 1016 2520 genis
1036 2436 1154 2501 emisit.
1205 2438 1315 2513 Quan-

166 2522 273 2609 doque
289 2546 308 2586 a
331 2524 416 2586 terri
438 2522 613 2587 dissiliebat
627 2547 635 2600 3
652 2546 881 2609 nonnunquam
896 2524 1009 2587 dentes
1025 2526 1132 2589 sonitu
1148 2525 1315 2590 horrisono

165 2611 353 2686 collidebat3
370 2633 453 2673 nunc
465 2632 521 2673 ore
534 2611 656 2695 patulo,
667 2634 756 2675 more
768 2611 855 2674 corvi
868 2633 935 2695 proe
944 2611 1057 2675 caloris
1069 2613 1204 2678 aestibus
1214 2628 1317 2677 rostra

166 2699 349 2782 aperientis,
382 2697 574 2782 exspirando
604 2698 814 2783 agonizabat3
844 2699 942 2763 modo
969 2700 1146 2764 volutando
1175 2701 1316 2788 undique

167 2807 277 2849 manus
304 2785 468 2872 pedesque
495 2784 701 2849 dissolvendo
723 2786 878 2870 jactabat.
926 2785 997 2850 Nec
1024 2786 1158 2873 alicujus
1182 2787 1317 2853 membri

166 2895 278 2936 sanum
301 2871 398 2935 sensit
422 2872 622 2958 obsequium,
648 2872 725 2959 quia
750 2872 851 2936 omnis
874 2896 1024 2938 sensuum
1047 2874 1140 2959 vigor
1162 2898 1206 2941 ex
1228 2875 1318 2941 tanti

167 2959 351 3023 infirmitate
382 2959 577 3023 sustinuerat
608 2959 847 3024 detrimentum.
912 2961 1082 3026 Infirmitas
1116 2962 1221 3041 „etiam
1250 2963 1318 3049 ipsa

166 3047 319 3111 diuturno
335 3070 410 3110 eum
425 3059 570 3130 tempore
586 3047 780 3125 detinuerat,
798 3063 831 3112 et
846 3048 939 3112 multi
961 3048 1122 3134 languoris
1145 3051 1318 3115 vehemen-

167 3136 213 3199 tia
222 3136 291 3219 jam
305 3135 454 3197 morbum
469 3132 633 3198 lieneticae
649 3134 780 3199 insania³
795 3136 999 3220 parturierat.
1047 3136 1206 3202 Homines
1220 3138 1317 3223 igitur

165 3223 310 3306 ejusdem
332 3221 471 3306 regionis
493 3222 569 3285 satis
589 3245 664 3286 eum
687 3222 866 3287 tribulantis
890 3223 1041 3288 noticiam
1062 3224 1230 3290 habebant
1251 3225 1319 3290 lan·

165 3312 273 3394 guoris
297 3322 330 3373 et
353 3309 577 3374 immedicandi
600 3309 720 3374 doloris
732 3335 742 3387 ;
776 3333 835 3374 nec
858 3334 913 3374 eos
935 3311 1100 3375 infirmitas
1123 3311 1193 3397 ejus
1217 3313 1318 3378 latere

166 3409 304 3481 poterat,
317 3397 393 3483 quia
407 3397 531 3461 diutino
543 3411 688 3483 ternpore
703 3398 845 3482 corporis
867 3398 1048 3462 alimoniam
1064 3421 1122 3484 per
1133 3400 1217 3464 ostia
1231 3423 1320 3465 merr-

167 3484 340 3549 dicaverat.
389 3484 494 3549 Vicini
509 3508 598 3570 ergo,
615 3485 671 3571 qui
683 3486 751 3570 ejus
767 3485 927 3550 miseriam
944 3488 1014 3571 jam
1028 3485 1085 3549 diu
1100 3500 1176 3552 ante
1199 3510 1319 3573 cogno·

167 3585 290 3649 verant,
310 3571 415 3635 Fratri
431 3572 475 3635 illi
490 3596 550 3657 pro
573 3574 679 3637 miseri
703 3572 801 3658 ipsius
823 3574 1042 3659 compassione
1058 3573 1183 3637 avidius
1198 3575 1319 3675 suppli-

167 3661 294 3724 cabant.
341 3657 427 3722 Nam
447 3661 586 3725 Beatum
600 3661 816 3725 Cuthbertum
833 3661 910 3725 talia
924 3684 1017 3747 posse
1033 3674 1068 3725 et
1082 3661 1200 3726 decere
1218 3682 1319 3728 v1rtu·

168 3760 237 3810 tum
253 3745 414 3832 praeconia
429 3761 595 3824 noverant,
612 3760 646 3812 et
661 3749 725 3812 tale
741 3771 799 3833 per
814 3749 919 3833 ipsum
933 3749 1003 3812 fieri
1019 3770 1112 3834 posse
1127 3749 1319 3815 miraculum

167 3832 294 3897 minime
310 3833 508 3898 diffidebant.
558 3835 656 3899 Unde
668 3858 808 3920 pannum
824 3836 865 3899 de
889 3835 1082 3900 vestimento
1100 3836 1196 3901 Beati
1216 3837 1319 3903 Cuth—

167 3922 251 3986 berti
267 3921 366 4009 aquis,
383 3923 546 4006 quomodo
567 3934 726 4006 poterant,
744 3922 1038 4008 praeintincxerant,
1056 3937 1089 3987 et
1098 3924 1179 4008 jam,
1196 3924 1319 3990 cunctis

168 4009 362 4087 videntibus,
378 4007 412 4070 in
428 4030 483 4072 ore
506 4009 608 4074 rabidi
632 4028 665 4074 et
687 4009 872 4075 insanientis
893 4009 1117 4075 infundebant.
1164 4010 1250 4076 Mox
1264 4011 1320 4077 ille

205 4185 250 4237 ra
267 4183 313 4236 life
329 4183 358 4234 of
371 4184 433 4235 Mar
467 4189 515 4244 ret,
532 4184 625 4241 Queen
642 4186 672 4237 of
685 4185 816 4249 Seotland
831 4202 882 4238 was
901 4188 1004 4238 written
1020 4187 1056 4252 by
1072 4187 1184 4256 Turget,
1201 4187 1277 4240 Prior
1292 4186 1325 4239 of

170 4250 296 4312 Durham,
307 4251 427 4304 aftervar
444 4269 457 4302 s
469 4249 566 4318 Bishop
577 4253 608 4303 of
616 4254 646 4304 St
668 4255 801 4306 Andreas.
1151 4258 1154 4263 '

367 4321 413 4371 2A
421 4334 486 4386 copy
498 4318 529 4370 of
541 4321 587 4373 the
599 4321 719 4388 Gospels,
729 4326 835 4376 written
846 4324 874 4375 in
885 4322 978 4375 letters
989 4320 1020 4373 of
1032 4321 1119 4374 silver.
