2924 4966
164 378 239 445 QOl
517 389 733 440 aruissent
763 352 947 440 nossem

164 557 251 622 domi
267 555 464 629 retulerunt3
481 554 571 618 etde
588 553 653 617 vita
671 552 755 618 illius
774 576 831 639 spe
851 553 1045 633 haesitantes,
1063 579 1201 646 quaeque
1216 561 1301 626 sune·

163 645 234 710 bria
252 644 482 731 praepararunt.
530 641 657 705 Fratres
672 641 816 705 ecclesiae
831 642 909 707 talia
922 642 1102 723 audientes,
1119 647 1227 711 statim
1241 672 1302 715 orn·

164 755 231 809 nes,
248 730 484 795 communicato
499 728 642 806 consilio,
660 730 702 793 ad
722 729 830 793 Sancti
849 731 1022 795 Cutbberti
1037 735 1183 798 tumbam
1199 738 1303 801 confu-

163 820 266 903 giunt,
284 832 317 883 et
333 818 457 882 devotis
480 817 607 902 psalmis
630 829 664 880 et
679 817 877 882 orationibus
892 818 995 882 solitar
1023 821 1117 886 Beati
1136 824 1303 889 Cuthberti

163 906 374 971 miserationis
385 905 505 969 auxilia
515 904 723 992 quaesierunt:
742 915 764 946 “
774 906 909 970 Sancte”
925 906 1068 972 dicentes
1083 911 1301 990 “Cutbberte,

163 1018 247 1058 nunc
270 994 407 1078 gemitus
422 1005 547 1056 nostros
566 992 709 1070 attende,
730 1005 764 1056 et
779 1006 836 1057 tuo
850 993 1002 1059 donando
1016 997 1137 1060 nomini
1161 999 1302 1083 gloriam,

163 1082 237 1145 huic
260 1105 318 1166 pro
338 1081 384 1144 tui
406 1081 535 1144 honoris
558 1079 688 1144 servitio
703 1080 857 1165 fastigato
872 1082 1023 1166 longioris
1039 1084 1117 1148 vitae
1133 1087 1242 1171 spacia
1261 1088 1305 1152 in·

163 1171 290 1254 tlulgc.’'
338 1170 431 1247 Mox,
449 1168 493 1253 pii
508 1167 708 1233 confessoris
719 1168 853 1247 meritis,
865 1170 992 1254 juvenis
1008 1171 1062 1236 ille
1078 1173 1155 1237 vitae
1168 1175 1305 1261 spiracu-

162 1258 226 1322 lum
237 1258 399 1321 attrahere
408 1257 587 1333 videbatur,
598 1270 632 1320 et
647 1256 790 1320 redivivo
802 1256 961 1322 hanelitbs
972 1259 1134 1325 afflamine.
1150 1265 1305 1347 parturire

164 1345 289 1409 novella
315 1345 460 1430 spiritum
483 1344 587 1429 gratia
608 1345 814 1430 probabatur.
872 1345 915 1408 Et
938 1347 1054 1411 merito
1078 1349 1135 1413 tali
1161 1366 1304 1438 tempore

166 1434 300 1498 Sanctus
315 1434 512 1498 Cuthbertus
525 1431 644 1495 bomini
656 1431 783 1516 spiritus
795 1431 937 1496 afflatum
949 1435 1102 1514 reddidit,
1116 1439 1209 1524 cujus
1217 1439 1305 1525 signo

161 1521 287 1586 virtutis
303 1535 335 1586 ct
358 1521 471 1606 gratiae
491 1521 599 1584 Sancti
619 1519 754 1605 Spiritts
773 1520 932 1585 afflamina
950 1523 1191 1604 consolationis,
1208 1528 1306 1592 omni-

160 1609 220 1673 bus
236 1611 283 1673 his
303 1609 416 1674 diebus
435 1609 477 1673 ad
496 1632 530 1672 se
547 1607 803 1686 adventantibus,
820 1632 839 1673 a
859 1609 1002 1675 Domino
1024 1611 1214 1697 impetrasse
1236 1639 1306 1703 pre·

161 1698 309 1782 signavit.
356 1697 472 1762 Tereia
495 1697 624 1760 demum
646 1696 699 1760 die
722 1696 864 1783 loquelas
884 1697 986 1762 edidit
1008 1714 1043 1764 et
1068 1711 1090 1741 “
1106 1701 1246 1768 Sanctc'’
1261 1705 1306 1768 di-

161 1787 264 1851 ceudo
282 1797 304 1826 ‘⁴
318 1786 508 1863 Cuthberte,
519 1782 614 1871 quam
629 1783 783 1869 gravioris
799 1784 880 1849 ictus
896 1786 1033 1850 vulneris
1047 1810 1100 1852 me
1116 1793 1304 1877 oppressit.”

164 1874 243 1939 Post
258 1874 420 1939 modicum
440 1888 547 1938 tamen
567 1872 730 1957 temporis,
747 1873 908 1957 languoris
926 1874 1100 1940 multitudo
1116 1877 1232 1942 diatim
1249 1879 1305 1944 irn-

161 1963 285 2026 minuta
306 1962 447 2039 recessit,
464 1976 498 2026 et
522 1974 637 2025 testam
660 1959 772 2045 capitis
795 1974 869 2024 cute
892 1974 926 2025 et
948 1985 1043 2028 carne
1066 1987 1140 2028 cum
1164 1967 1304 2033 caesariei

160 2050 374 2135 pulcritudine
389 2050 591 2135 perornando
606 2048 708 2112 salute
724 2048 856 2132 pristina
869 2050 1040 2134 reparavit.
1090 2053 1189 2119 Unde
1205 2056 1305 2120 conti·

160 2138 218 2222 git,
245 2152 279 2202 ut
300 2137 430 2201 vulnere
453 2137 611 2201 ulceribus
627 2136 769 2200 sanitatis
787 2136 992 2222 superducto,
1009 2163 1136 2225 semper
1150 2142 1303 2208 hactenus

160 2249 263 2313 usque
279 2225 311 2288 in
326 2225 412 2289 diem
426 2225 627 2302 hodiernum,
644 2237 744 2287 tantae
758 2224 843 2288 fossa
864 2224 1090 2311 profunditatis
1106 2229 1139 2292 in
1154 2254 1303 2316 supremo

160 2313 271 2398 capitis
282 2313 401 2377 vertice
417 2314 611 2398 apparuerit,
628 2312 716 2399 quod
730 2335 855 2398 pugnus
865 2313 956 2376 unius
970 2315 1107 2379 hominis
1122 2317 1207 2383 infra
1220 2319 1302 2385 illius

160 2415 320 2465 cavaturae
336 2400 533 2485 crepidinem
548 2400 643 2486 quim
667 2398 813 2464 facillime
832 2400 964 2464 introire
979 2415 1013 2466 et
1032 2405 1172 2484 extrahi,
1189 2408 1302 2494 reponi

160 2501 193 2552 et
209 2488 372 2565 abscondi,
390 2502 422 2552 et
437 2487 503 2573 pila
518 2487 615 2551 etiarn
626 2487 760 2572 spaerica
774 2487 880 2552 induci
896 2501 929 2552 et
945 2489 1068 2554 infundi
1084 2493 1144 2557 sub
1159 2494 1231 2580 ipso
1244 2496 1302 2584 hy-

158 2590 213 2641 atu
238 2575 389 2662 potuerit.
438 2576 492 2653 Et,
516 2575 603 2662 quod
627 2576 734 2639 omnia
755 2575 911 2640 mirabilia
935 2576 967 2640 in
990 2577 1039 2641 his
1060 2582 1302 2666 supergreditur

158 2665 243 2728 facta
258 2663 462 2741 mirabiliora,
481 2686 539 2727 nec
555 2676 660 2727 tamen
680 2664 711 2727 ei
730 2687 838 2727 sensus
858 2663 1053 2745 diminuitur,
1071 2691 1131 2733 nec
1146 2671 1231 2735 ratio
1245 2672 1301 2737 de-

155 2752 311 2829 bilitatur,
328 2775 387 2816 uec
403 2751 565 2815 memoriae
580 2750 748 2815 meditatio
760 2753 793 2815 in
808 2751 915 2839 aliquo
933 2754 1115 2840 dissipatur.
1165 2758 1301 2824 Infirmi.

156 2841 232 2906 tatis
255 2841 352 2905 etiam
374 2839 490 2903 nullius
513 2838 649 2903 sustinet
671 2838 844 2917 laesionem,
862 2863 920 2904 nec
936 2842 1074 2906 vulneris
1097 2845 1181 2909 illius
1201 2870 1300 2934 quan·

157 2932 263 3018 doque
293 2929 397 3014 ipsum
427 2928 496 2992 vice
527 2928 649 2991 altemb
678 2927 868 2992 stimulantis
902 2943 974 3014 post
1004 2931 1174 2997 sanitatem
1201 2936 1300 3000 semel

156 3031 318 3103 receptam
334 3015 451 3081 sentire
474 3017 580 3102 potuit
595 3015 805 3079 adustionem.
854 3016 973 3081 Iccirco
990 3018 1066 3082 verb
1083 3021 1223 3088 vulneris
1241 3024 1300 3112 hy-

155 3120 227 3170 atus
244 3106 397 3190 tantisper
413 3101 543 3168 inferius
566 3098 707 3188 patendo
729 3103 899 3187 prominet,
916 3107 1004 3192 quod
1026 3130 1099 3192 pars
1115 3111 1243 3175 testulae
1258 3112 1299 3177 de

155 3218 225 3258 osse
241 3193 389 3270 contrita,
406 3192 538 3279 reliquae
554 3191 664 3256 addita
684 3191 811 3256 testulae
833 3215 897 3256 non
912 3194 1054 3279 superius
1072 3196 1172 3279 jacet.
1221 3199 1298 3264 Pars

154 3285 239 3346 enim
262 3282 425 3347 confracta
447 3280 545 3344 semel
568 3279 687 3343 detrita
706 3280 931 3345 reconsolidari
950 3305 1014 3346 non
1036 3283 1153 3369 potuit,
1170 3309 1231 3351 nec
1246 3310 1299 3352 co-

154 3370 277 3436 haerere
294 3370 377 3434 sicca
390 3368 539 3433 materies
556 3367 701 3431 siccantis
722 3367 800 3431 ossis
826 3382 950 3433 naturoe
972 3371 1150 3455 praevaluit.
1200 3374 1297 3441 Unde

154 3472 228 3522 cute
244 3457 461 3542 redintegrata
475 3469 509 3520 et
524 3457 626 3519 carnis
641 3455 779 3519 mollicie
794 3456 928 3542 repleta,
945 3480 1038 3523 corna
1052 3459 1176 3545 capitis,
1194 3462 1297 3528 Beato

158 3546 339 3611 Cuthberto
354 3545 536 3622 miserante,
553 3542 695 3620 reviruit,
714 3557 747 3609 et
769 3544 894 3628 pristini
910 3546 1035 3610 decoris
1050 3548 1187 3631 gratiam
1204 3565 1297 3616 testae

153 3633 354 3719 superficiem
369 3632 571 3718 perornando
580 3631 744 3695 coloravit.
789 3633 810 3696 J
812 3632 920 3697 uvenis
936 3632 997 3699 iste
1012 3635 1191 3701 Wictredus
1203 3662 1297 3704 voca·

153 3735 216 3800 tur,
233 3721 288 3808 qui
303 3720 447 3785 omnibus
469 3718 740 3784 Dunelmensibus
759 3720 827 3784 sore
846 3721 1027 3786 notissimus
1048 3727 1295 3810 comprobatur:

158 3809 222 3883 Qui
238 3809 342 3874 adhuc
356 3808 432 3871 vivit
447 3807 623 3885 incolumis,
637 3820 670 3871 et
686 3807 782 3871 nichil
796 3808 920 3872 laesurae
936 3810 1130 3896 praescriptae
1142 3814 1294 3897 sentiens,

152 3920 246 3962 sanus
262 3896 382 3962 existit.
431 3895 535 3980 Hujus
551 3895 694 3959 miraculi
709 3907 758 3959 tot
778 3908 875 3961 testes
891 3897 1021 3963 veridici
1037 3897 1198 3980 assistunt,
1216 3920 1295 3990 quot

152 3985 193 4048 ad
208 3986 414 4051 Pentecostes
429 3982 618 4067 sollempnia
632 3984 852 4050 adventantes.
886 3985 968 4049 Hac
978 3986 1087 4052 videre
1102 3990 1206 4054 coacti
1220 4006 1295 4058 sunt

152 4073 227 4159 quia
242 4073 318 4137 talia
333 4071 514 4136 audierunt.
562 4070 655 4135 Talia
670 4084 743 4135 sunt
765 4071 859 4136 Beati
878 4074 1050 4139 Cuthberti
1067 4075 1203 4143 mirifica
1218 4084 1295 4166 opess

151 4182 223 4223 rum
239 4173 446 4238 sacramenta,
463 4181 536 4246 quae
552 4159 652 4224 omnis
668 4160 831 4225 excedunt
845 4161 1003 4226 facundiae
1019 4162 1235 4243 condimenta.
