2924 4966
151 356 222 421 tao
500 366 716 415 nnmssnm
750 366 942 417 nossent

150 536 223 597 dam
236 532 338 619 aliqud
355 546 424 595 arte
440 532 584 615 putabat,
595 530 733 617 ideoque
745 554 819 595 eum
835 530 937 595 nimia
948 532 1063 596 cordis
1078 531 1192 596 laetittt
1204 544 1293 616 gratu·

153 622 309 685 lnbundus
322 619 500 683 incedebat.
535 618 692 682 Sacerdos
706 619 859 707 deniqne,
874 620 1061 705 vespertini
1073 620 1224 706 temporis
1231 620 1295 683 hort

151 712 300 777 instante,
314 708 435 771 elavem
451 707 594 771 ecelesiae
609 706 705 791 coepit
721 706 741 771 si
756 730 859 807 puero
874 708 1072 794 requirere3
1089 708 1144 772 ille
1160 708 1232 772 verb
1262 729 1295 770 uo

154 799 241 860 illmn
254 796 392 859 amiserit
405 795 486 858 dixit
499 818 532 859 se
542 792 672 857 omnino
684 817 817 859 nescire.
860 796 1029 880 Stupebat
1040 796 1146 881 igitur
1157 730 1295 871 sacerdos,

152 886 328 971 anxiusque
344 882 594 969 quwrebatqnid
610 895 731 965 ageret,
745 906 817 946 enm
833 884 1059 968 compellente
1076 886 1176 970 plebe
1185 882 1296 947 introire

153 972 319 1035 ecelesiam
336 971 431 1033 vellet
447 986 480 1035 et
495 993 558 1033 uon
582 984 701 1054 posset.
750 970 834 1033 Hinc
850 969 930 1034 verb
945 994 1059 1036 seram
1084 972 1194 1036 hostio
1208 992 1298 1057 super-

155 1060 288 1145 positam
312 1059 481 1139 ell'ringere
497 1081 569 1121 enm
594 1070 696 1121 metus
719 1058 927 1142 propelleret,
944 1060 1028 1146 quia
1042 1060 1174 1147 antiqui
1188 1073 1220 1124 et
1237 1058 1298 1123 olim

156 1148 243 1211 invisi
260 1146 364 1231 operis
380 1146 450 1209 luit.
500 1146 583 1209 Hinc
594 1159 702 1209 antem
717 1146 804 1231 quod
825 1145 903 1209 ferri
919 1160 954 1210 et
970 1147 1048 1210 aeris
1065 1171 1152 1233 opus
1175 1148 1251 1233 pene
1263 1146 1300 1208 in-

154 1235 291 1299 secabile
308 1247 340 1297 et
357 1234 523 1297 inl'orabile
539 1256 605 1319 pra·
621 1235 735 1317 magud
750 1234 956 1298 multitudine
972 1235 1137 1319 ponderis
1153 1236 1215 1300 utri
1267 1256 1300 1297 ue

155 1323 276 1385 metalli
299 1321 494 1385 fortitudinis
523 1320 659 1385 durioris
685 1321 843 1405 apparuit.
892 1323 1002 1387 Cessit
1030 1323 1138 1407 igitur
1168 1256 1299 1388 saciilos

157 1410 338 1497 aliquandiu
362 1410 402 1471 ab
419 1410 534 1485 officio,
551 1423 584 1473 et
607 1409 741 1473 ecclesia
762 1408 831 1493 ipsa
853 1409 965 1473 divino
989 1412 1100 1476 caruit
1125 1408 1299 1475 ministerio.

161 1498 265 1561 Nocte
280 1498 376 1579 igitur
388 1497 533 1583 sequenti
548 1498 666 1561 Beatus
679 1496 877 1561 Cuthbertus
889 1499 1056 1562 sacerdoti
1068 1499 1105 1562 in
1118 1500 1190 1563 visu
1202 1497 1299 1573 astitit,

157 1600 187 1649 et
206 1608 303 1673 qnam
320 1585 454 1649 eeclesia
469 1608 525 1649 sna
540 1584 648 1648 (livino
661 1584 800 1648 caruerit
819 1584 984 1649 ministerii
1003 1587 1130 1665 officio,
1144 1587 1302 1652 vehemen-

158 1674 218 1737 titre
236 1688 268 1737 et
284 1672 386 1737 acrias
402 1696 475 1737 enm
490 1674 674 1757 increpavit.
724 1673 879 1736 Sacerdos
895 1672 994 1757 igitur
1005 1696 1089 1739 mox
1106 1678 1209 1761 coepit
1223 1673 1302 1739 amis-

157 1762 279 1825 sionem
294 1760 389 1824 clavis
405 1762 549 1825 ecelesia
572 1760 784 1845 praetendere,
802 1773 835 1825 et
850 1782 915 1847 quo
931 1784 1004 1825 eam
1020 1778 1203 1848 quaereret,
1219 1786 1251 1827 se
1263 1760 1302 1825 fa·

157 1852 285 1913 rebatur
307 1848 438 1913 omniub
461 1851 593 1913 nescire.
640 1850 702 1913 Cui
730 1848 848 1912 Beatus
869 1849 1086 1928 cuthbertus,
1106 1849 1301 1927 “crastiua’'

159 1938 272 2023 inquit,
292 1938 492 2000 “uratutinus
508 1936 648 2000 diluculo
661 1935 701 1999 ad
718 1936 888 2020 piscatores
904 1940 937 1999 in
951 1936 1156 2002 Thueodam
1171 1939 1214 2003 ad
1230 1936 1304 2002 Pad⁴

159 2026 262 2089 (luuel
275 2025 403 2101 ateeede,
415 2038 448 2087 et
463 2023 599 2109 primum
613 2023 689 2087 retis
702 2038 837 2087 tractum
854 2024 965 2103 abeis,
979 2048 1048 2111 qno
1059 2030 1189 2111 poteris
1197 2024 1301 2113 pretio,

159 2115 260 2177 eme.’'
312 2112 367 2175 llle
384 2111 460 2175 verb
477 2111 567 2176 mane
583 2113 732 2188 surrexit,
750 2124 782 2175 et
798 2112 840 2175 ad
862 2114 1040 2197 piscatores
1060 2115 1134 2198 jam
1151 2114 1248 2179 tensis
1261 2135 1304 2176 re-

160 2202 244 2265 tibus
260 2200 400 2277 veniens,
418 2201 558 2277 tandem,
571 2202 667 2285 juxta
681 2200 767 2285 quod
783 2200 885 2284 petiit,
903 2200 1043 2284 primum
1060 2215 1206 2267 tractum
1220 2200 1303 2287 pisci·

162 2312 216 2352 nm
240 2300 360 2352 statuto
385 2288 488 2372 pretio
512 2289 553 2352 ab
580 2288 623 2352 eis
647 2288 840 2371 impetravit.
889 2288 1122 2376 Statutumque
1147 2290 1302 2355 intereos

160 2378 276 2455 l'nerat,
291 2390 325 2440 nt
341 2399 563 2463 quemcunque
574 2389 714 2460 capturae
731 2376 839 2460 primae
854 2377 988 2461 piscium
998 2378 1154 2441 sacerdos
1165 2378 1302 2463 eligeret,

163 2466 263 2549 ipsum
287 2487 344 2549 pro
372 2464 460 2527 Beati
488 2464 658 2528 Cuthberti
681 2486 799 2541 amore,
817 2464 849 2526 in
871 2487 1081 2551 quoscunque
1105 2489 1187 2531 usus
1203 2466 1303 2540 vellet,

161 2553 306 2616 lutberet.
342 2552 447 2615 Primo
460 2552 556 2635 igitur
568 2554 687 2616 tractus
699 2554 745 2615 sui
759 2552 934 2628 conamine,
948 2552 1027 2615 dum
1035 2553 1121 2617 retia
1132 2554 1303 2627 traherent,

162 2639 261 2703 salmo
275 2664 353 2703 nnus
366 2640 454 2702 mirre
470 2640 694 2724 magnitudinis
709 2639 866 2724 apparuit,
881 2639 935 2726 qui
950 2640 1014 2703 oris
1030 2640 1134 2727 hyatu
1150 2642 1263 2726 patulo
1276 2652 1306 2703 et

163 2729 241 2791 rictu
254 2728 391 2792 l'aucinnr
401 2728 509 2805 nimio,
527 2729 558 2790 in
573 2751 646 2792 snos
662 2741 858 2792 extractores
874 2730 964 2814 quasi
982 2727 1015 2790 in
1031 2730 1198 2814 stupendo
1213 2730 1308 2793 desa

162 2816 261 2893 viens,
279 2839 337 2879 nec
361 2815 455 2879 celari
478 2816 583 2901 potuit
606 2816 657 2879 vel
684 2815 845 2879 abscondi.
894 2816 1019 2879 Venter
1041 2816 1143 2881 etiam
1166 2814 1306 2883 crassiori

162 2906 256 2991 adipe
277 2901 369 2967 latius
385 2904 637 2979 distendebatur,
655 2917 688 2967 et
704 2919 827 2968 tumore
843 2903 1006 2989 grossioris
1022 2903 1165 2968 laterum
1180 2904 1306 2970 uberit'ts

164 2994 302 3080 undique
326 2991 499 3055 dilllnendo
522 2992 782 3076 protendebatur.
832 2992 928 3057 Unde
951 2992 1080 3077 majoris
1100 2992 1171 3079 spei
1195 2990 1308 3057 fiducia

162 3084 330 3167 presbyter
354 3079 521 3155 animatus,
547 3093 579 3143 et
604 3080 761 3143 dictorum
790 3080 884 3144 Beati
910 3079 1083 3145 Cuthberti
1105 3081 1304 3157 recordatus,

161 3170 345 3234 curiositate.
362 3167 509 3231 sollieiori
532 3168 669 3245 intuens,
686 3168 727 3231 de
743 3168 891 3231 inferiore
906 3166 998 3253 piscis
1013 3167 1108 3232 fauce
1124 3169 1251 3233 clavem
1265 3166 1308 3230 vi-

163 3258 210 3322 dit
226 3282 267 3321 ex
284 3256 402 3320 circulo
418 3256 464 3318 sni
483 3257 645 3340 superiore
668 3257 808 3341 pendere
824 3270 857 3319 et
873 3255 952 3318 miro
968 3255 1066 3319 modo
1081 3279 1142 3319 nec
1159 3256 1307 3321 decidere

163 3346 267 3429 potnit
285 3368 342 3407 nee
359 3344 486 3419 auferri,
502 3344 557 3406 nisi
574 3366 668 3406 manu
685 3345 829 3421 tollente,
841 3344 1020 3429 praevaluit.
1046 3343 1198 3408 Tandem
1214 3343 1308 3429 igitur

164 3457 235 3496 cnm
251 3432 453 3497 festinatione
469 3433 591 3495 clavem
614 3431 699 3495 illam
722 3431 848 3516 eripuit,
866 3445 899 3495 et
914 3432 955 3494 de
967 3432 1059 3494 fauce
1076 3430 1223 3495 inferiori
1245 3432 1308 3495 hae-

163 3534 286 3583 rentem
302 3544 373 3583 eum
387 3519 528 3583 miranda
540 3519 752 3584 delectatione
762 3519 910 3583 exsolvit.
944 3520 994 3583 lta
1005 3530 1115 3582 tamen
1129 3518 1218 3583 fanci
1230 3518 1308 3583 infe-

163 3607 227 3669 rius
243 3608 337 3693 piscis
353 3608 479 3670 fortiter
500 3608 643 3671 haerebat
659 3607 745 3694 qnod
768 3607 860 3671 avelli
880 3620 985 3671 tamen
1007 3620 1041 3669 et
1061 3606 1192 3671 extrahi
1212 3606 1308 3671 etiam

163 3716 228 3759 non
253 3695 357 3758 occiso
380 3695 519 3759 salmone
542 3709 701 3780 potuerat.
759 3696 914 3759 Sacerdos
937 3694 1033 3778 igitur
1055 3694 1177 3779 piscem
1199 3716 1308 3759 secum

165 3781 294 3845 domum
307 3782 431 3858 detulit,
446 3796 479 3846 et
494 3784 535 3846 ad
550 3808 624 3846 usus
640 3807 718 3870 quos
728 3784 829 3847 voluit
845 3783 904 3847 sibi
915 3782 1068 3867 reposuit.
1115 3781 1189 3845 Nec
1203 3780 1308 3846 cordis

163 3872 316 3951 gandium
332 3870 436 3953 potuit
451 3871 555 3935 verbis
571 3875 749 3956 exprimere
768 3872 817 3935 vel
827 3874 913 3935 vocis
929 3868 1187 3935 attestationibus
1203 3870 1310 3934 decla·

163 3979 244 4021 rare.
293 3958 375 4020 Mox
398 3957 495 4041 igitur
511 3983 619 4023 onmes
636 3959 754 4023 vicinos
777 3982 966 4036 convocans,
984 3971 1016 4022 et
1032 3957 1191 4021 mirabilia
1215 3956 1310 4021 Beati

169 4045 339 4109 (luthberti
362 4045 405 4108 eis
425 4069 467 4109 ex
489 4047 600 4111 ordine
624 4048 810 4132 praedicans,
828 4050 970 4111 omnium
985 4045 1105 4110 animos
1121 4044 1154 4107 in
1177 4044 1308 4109 laudem

169 4130 229 4194 llei
246 4148 279 4198 et
301 4134 456 4195 honorem
484 4135 590 4198 Sancti
609 4136 778 4200 Cntliberti
802 4136 940 4213 sustulit,
958 4147 1079 4199 etcum
1094 4156 1159 4195 non
1182 4132 1310 4197 modica

165 4218 264 4298 plebis
281 4220 374 4283 turba
389 4221 430 4283 ad
446 4222 610 4285 ecclesiam
626 4224 876 4307 gratulabundus
892 4222 1035 4287 accessit.
1084 4220 1150 4294 Qui
1165 4220 1308 4285 hostium

163 4308 306 4371 ecelesiae
330 4308 461 4371 subinde
483 4308 525 4371 nil
549 4325 688 4373 moratus
712 4312 847 4396 aperuit,
865 4326 898 4376 et
920 4311 1031 4375 landes
1054 4307 1253 4373 dulcimodas
1276 4310 1309 4371 in

169 4389 261 4459 Beati
285 4397 405 4460 honore
427 4396 598 4459 Cuthberti
617 4399 782 4485 sollempni
798 4400 883 4465 vocis
900 4400 1003 4465 officio
1019 4396 1221 4464 decantando
1236 4418 1308 4483 per-
