2924 4966
473 404 651 456 nunaunt.
681 404 882 469 erasmus,
908 406 993 457 arc.
1225 388 1300 471 269

151 574 325 659 spirituum
347 570 559 655 malignorum
574 582 659 635 eoetu
683 584 876 655 praeventus,
893 571 976 635 adeo
999 574 1177 658 perturbari
1192 577 1301 661 coepit,

152 662 242 749 quod
257 658 421 724 sensuales
436 658 615 723 intellectus
628 657 757 722 omnino
772 658 924 722 amiserit.
958 658 1053 739 Nam,
1071 675 1108 725 ut
1124 662 1208 727 idem
1224 687 1302 749 pue-

153 750 243 813 rulus
259 746 358 811 modo
370 769 464 811 sanus
479 746 600 824 asserit,
613 745 703 833 qnasi
719 746 783 832 pila
797 746 880 810 inter
889 747 1067 832 jocantium
1079 773 1202 829 manus,
1219 751 1303 817 inter

154 837 284 901 illorum
299 835 439 921 impetus
453 834 552 899 rotari
571 835 622 899 vel
640 834 755 919 jactari
770 835 946 900 consuevit.
996 836 1092 901 Unde
1108 852 1226 918 tamen,
1243 863 1303 926 per

153 922 354 991 ebdomadas
376 922 498 1009 aliquot
520 923 566 986 ita
588 936 733 1000 vexatuS,
750 945 792 986 ex
815 921 921 1009 aliqua
943 938 1033 1008 parte
1049 928 1228 1004 convaluit3
1244 930 1302 993 sed

154 1024 230 1101 post
249 1034 305 1077 xv.
320 1010 390 1075 dies
409 1010 524 1075 iterum
544 1028 618 1075 ante
640 1010 897 1095 Assumptionem
921 1012 1048 1076 Sanctae
1072 1013 1198 1094 Mariae,
1220 1018 1303 1102 ejus·

155 1102 233 1167 dem
247 1097 496 1165 insensibilitatis
512 1112 545 1163 et
564 1098 735 1163 dementiae
752 1111 876 1184 pestem
891 1098 1034 1165 incurrit.
1081 1101 1146 1166 Per
1160 1104 1228 1169 dies
1243 1105 1303 1191 igi-

155 1202 211 1255 tur
225 1187 398 1275 aliquando
419 1186 512 1251 binos
528 1186 578 1251 vel
601 1201 720 1263 ternos,
737 1199 828 1271 patre
847 1200 880 1250 et
901 1201 1004 1253 matre
1019 1189 1108 1253 illum
1124 1208 1299 1278 quaerente,

155 1298 316 1365 nusquam
330 1274 464 1339 inveniri
478 1274 584 1360 potuit
597 1298 606 1350 ;
621 1273 696 1360 quia
709 1287 746 1337 ut
762 1274 828 1359 ipse
844 1275 963 1353 retulit,
981 1277 1022 1341 ad
1037 1278 1141 1343 aliena
1154 1303 1254 1366 regna
1269 1299 1302 1346 et

155 1366 241 1443 loca,
258 1388 279 1429 a
300 1362 440 1450 pristinis
455 1362 616 1449 spiritibus
632 1361 777 1447 malignis
794 1362 912 1440 diduci,
930 1364 1050 1442 seduci,
1067 1388 1104 1430 ac
1120 1366 1210 1431 illudi
1226 1393 1302 1433 con-

156 1452 275 1519 suevit.
321 1450 386 1515 Hic
405 1463 441 1514 ut
459 1450 581 1515 audivit
603 1450 796 1536 praescriptae
815 1450 954 1515 mulieris
973 1476 1080 1516 casum
1095 1468 1193 1541 atque
1207 1458 1303 1521 mise-

157 1546 250 1619 riam,
267 1562 346 1604 mox
364 1538 450 1603 solus
469 1562 541 1602 cum
562 1538 676 1603 baculo
698 1538 829 1602 fluvium
849 1539 1005 1617 torridum
1020 1564 1112 1628 aquae
1130 1548 1303 1628 pertransi-

156 1630 217 1709 vit,
241 1642 276 1692 et
297 1627 353 1692 illo
379 1626 519 1705 veniens,
539 1627 636 1712 juxta
656 1648 739 1711 pene
762 1628 897 1691 eandem
919 1628 1086 1693 mulierem
1108 1631 1245 1715 procidit
1268 1646 1302 1698 et

155 1716 325 1783 sanitatem
342 1738 547 1799 cognoscens,
558 1714 724 1778 caudelam
736 1714 776 1779 de
792 1713 876 1779 intro
891 1715 1033 1780 ecclesiae
1044 1718 1252 1784 illuminatam
1268 1734 1302 1785 et

160 1808 282 1871 Sancto
300 1804 481 1869 Cuthberto
502 1802 699 1867 offerendam
717 1802 851 1879 obtulit;
873 1804 962 1888 cujus
986 1805 1094 1870 lumen
1114 1806 1162 1870 bis
1186 1822 1300 1874 ventus

156 1892 322 1959 saeviendo
337 1890 488 1969 extinxit,
505 1891 563 1955 sed
585 1890 670 1954 omni
693 1891 812 1976 populo
826 1891 955 1956 vidente
975 1906 1008 1957 et
1031 1895 1234 1975 testificante,
1251 1898 1301 1962 bis

155 2006 217 2071 per
228 2004 262 2045 se
274 1978 381 2044 subito
393 1979 579 2056 illuminata,
592 1977 755 2063 respirate,
769 1980 965 2065 respenduit.
1014 1981 1119 2056 Quam
1131 1997 1167 2046 ut
1182 1985 1301 2049 Sancto

159 2069 344 2137 Cuthberto
358 2090 418 2153 pro
432 2067 605 2153 gratiarum
617 2066 742 2130 actione
752 2067 793 2131 ad
808 2068 876 2152 ejus
889 2069 1068 2153 sepulcrum
1081 2071 1207 2151 obtulit,
1221 2096 1302 2136 nun·

156 2180 257 2261 quam
277 2168 391 2243 postea
412 2156 533 2243 aliquid
555 2155 596 2219 de
618 2154 672 2218 illa
686 2155 868 2218 daemonum
890 2156 1106 2238 infestatione,
1123 2159 1299 2242 delusione,

155 2270 225 2313 slve
240 2243 428 2333 pervasione
445 2290 569 2310 .........
590 2243 676 2333 [part
691 2241 730 2307 of
740 2243 794 2308 the
809 2243 869 2308 last
883 2243 947 2308 line
963 2257 1017 2309 cut
1032 2245 1103 2334 offi]

159 2510 262 2579 CAP.
286 2508 546 2575 CXXIIL-De
566 2508 702 2591 quddam
716 2529 776 2571 uno
797 2510 882 2572 oculo
899 2512 992 2589 coecd,
1007 2512 1121 2577 Sancto
1137 2516 1303 2581 medicante

552 2598 712 2661 Cutltberto
726 2598 908 2660 illuminatd.

162 2794 165 2801 ·
206 2774 279 2841 Alia
306 2772 456 2863 quoedam
485 2770 712 2835 deFoxedene¹
742 2782 827 2849 nata,
863 2771 993 2837 Osanna
1017 2775 1173 2841 vocabulo
1201 2777 1300 2858 dicta,

157 2864 299 2953 quinque
314 2863 405 2926 annis
420 2859 504 2924 oculi
519 2858 626 2923 dextri
648 2857 767 2922 lumine
789 2858 924 2944 privata,
941 2861 1016 2925 illuc
1031 2863 1073 2927 ad
1095 2864 1301 2930 occidentalis

158 2952 305 3019 ecclesiae
327 2948 467 3014 hostium
486 2946 642 3033 pervenit.
690 2947 756 3011 Sed
778 2970 855 3011 mox
877 2947 910 3010 in
926 2961 1043 3013 terram
1058 2952 1187 3031 corruit,
1205 2967 1238 3017 et
1253 2977 1303 3018 se-

158 3038 301 3105 mianimi
316 3035 486 3102 consimilis
501 3034 684 3122 aliquandiu
700 3034 745 3099 ibi
759 3035 923 3100 decubuit.
970 3038 1074 3123 Hujus
1090 3040 1174 3103 oculi
1192 3041 1303 3126 palpe-

158 3128 220 3193 bra
233 3140 303 3193 toto
319 3148 360 3190 eo
374 3138 519 3210 tempore
534 3146 607 3188 cum
622 3122 757 3187 deformi
775 3124 893 3187 rubore
908 3123 1114 3206 intumuerat,
1131 3129 1216 3192 unde
1232 3130 1302 3215 qui-

159 3216 236 3281 dam
248 3216 355 3279 fluxus
371 3211 520 3278 continue
534 3234 623 3275 more
638 3210 783 3275 stillantis
806 3212 940 3296 pituitae,
959 3212 999 3276 de
1015 3213 1128 3277 eldem
1149 3216 1303 3301 palpebre

159 3304 352 3392 profluebat.
400 3300 498 3366 Unde
513 3323 556 3364 ex
571 3298 841 3384 superinundante
863 3298 978 3384 pituitis
992 3324 1118 3386 semper
1139 3315 1245 3369 tumor
1260 3306 1303 3369 ad

160 3402 335 3479 augmenta
362 3388 571 3474 percrebruit,
609 3399 643 3451 et
671 3387 796 3450 ruboris
825 3386 1004 3472 spissiorem
1033 3392 1199 3455 materiem
1228 3416 1303 3479 pro-

161 3478 293 3547 creavit.
340 3476 515 3541 Monocnla
532 3474 629 3560 igitur
644 3488 677 3539 et
692 3498 778 3539 caeca
799 3475 844 3539 ibi
865 3475 1048 3562 aliquandiu
1064 3478 1227 3559 decubuit,
1244 3483 1303 3546 sed

160 3582 234 3655 post
246 3568 343 3631 horas
358 3564 489 3651 aliquot,
507 3563 616 3627 Sancti
635 3562 806 3628 Cuthberti
820 3562 951 3642 meritis,
969 3564 1079 3629 videns
1095 3579 1128 3630 et
1143 3591 1220 3632 sana
1234 3592 1303 3633 sur-

160 3656 257 3722 rexit.
305 3654 353 3717 Ac
371 3651 575 3737 postmodum
590 3651 672 3715 adeo
694 3649 858 3736 perspicue
874 3652 967 3716 oculo
989 3653 1075 3738 prins
1091 3677 1177 3719 caeco
1193 3656 1302 3722 videre

161 3741 340 3832 praevaluit‚
357 3740 438 3803 sicut
453 3762 526 3803 cum
541 3740 643 3804 altero
657 3761 820 3825 nunquam
838 3739 1010 3819 infirmato,
1028 3742 1211 3828 conspicere
1226 3768 1303 3809 con-

160 3832 276 3899 suevit.
324 3830 424 3913 Cujus
444 3826 635 3891 infirmitatis
650 3826 756 3912 plures
771 3839 868 3891 testes
884 3841 950 3891 tam
972 3828 1004 3893 in
1028 3829 1190 3896 Dunelmo
1206 3856 1302 3919 quam

161 3922 202 3987 de
225 3919 340 3985 eadem
362 3916 437 3980 villt
461 3915 622 3993 assistunt,
639 3914 693 4001 qui
719 3927 789 3979 toto
812 3915 968 4000 praedicto
991 3918 1207 4005 quinquennio
1230 3944 1301 3986 eam

161 4008 255 4074 unius
269 4004 353 4071 oculi
367 4002 486 4069 lumine
500 4002 657 4088 privatam
671 4017 901 4088 cognoverunt.

460 4188 469 4227 1
482 4182 505 4232 Α
517 4180 615 4234 hamlet
625 4183 653 4232 ln
663 4181 709 4232 the
719 4181 804 4249 parish
816 4180 846 4232 of
853 4181 1004 4251 Sedgefield.
