2924 4966
153 398 228 463 (ΜΖ
512 407 729 462 nemmem
758 406 944 459 nonacnr

156 664 254 728 CAP.
280 664 521 742 C.—Quomodo
535 665 572 726 de
584 681 665 744 yenit
680 663 829 742 lanquore
844 661 1030 724 intolerabili
1042 661 1150 724 cadem
1168 663 1308 726 Cmnitir·

240 772 278 813 aa
300 753 342 813 sit
364 759 488 825 aalma,
515 754 626 813 virtute
651 750 746 812 Beati
774 749 932 812 Cuthberti
942 768 956 821 ‚·
979 751 1154 812 vestimento
1181 752 1309 830 desuper

234 841 347 918 posto,
363 847 392 900 et
410 857 519 918 panno
535 840 588 919 pii
615 837 807 919 Confessoria
832 838 935 899 oncis
958 835 1119 917 aipaoculo
1143 856 1239 918 saper
1254 840 1309 899 im·

234 945 354 1005 presso.

202 1098 306 1181 Super
336 1094 467 1159 flumina
500 1095 696 1159 Babilonicae
730 1093 919 1159 calamitatis
952 1093 1124 1159 comitissa
1152 1093 1309 1180 praedicta

153 1184 209 1247 diu
232 1183 418 1259 resederat;
453 1206 526 1270 quae
564 1183 705 1267 vestigiis
733 1182 882 1246 incedere
906 1182 1041 1267 propriis
1076 1203 1142 1245 non
1167 1182 1307 1246 valebat.

157 1270 304 1335 Flumina
337 1270 457 1334 etenim
485 1269 720 1334 desolationum
745 1270 815 1354 jam
843 1272 1049 1346 sustinuerat,
1080 1268 1158 1354 quia
1181 1292 1307 1353 gressus

142 1357 303 1446 ‚amiserat
315 1379 324 1433 ;
348 1371 382 1421 et
397 1381 437 1421 ea
451 1357 481 1421 ei
504 1371 598 1421 erant
625 1357 822 1434 Babilonica,
848 1356 923 1443 quia
945 1355 1138 1419 confusionis
1164 1359 1309 1420 attritam

151 1446 292 1509 frontem
308 1445 339 1508 ei
354 1457 454 1508 tantae
473 1444 679 1508 desolationis
698 1457 873 1527 augmenta
887 1455 1145 1529 procreaverant.
1179 1443 1307 1528 Nempe

153 1544 252 1596 tantae
268 1531 432 1616 dignitatis
452 1544 632 1595 matronam
659 1531 700 1595 de
723 1531 842 1616 bipede
867 1530 1026 1620 tripedem
1052 1529 1216 1608 incedere,
1233 1553 1307 1594 con·

152 1619 255 1682 fusam
271 1618 413 1683 tristiciae
425 1618 669 1696 desolationem,
683 1641 777 1706 quam
790 1617 917 1702 proprie
932 1616 1107 1702 poterimus
1120 1617 1306 1682 arbitrando

152 1707 323 1770 aestimare.
372 1706 450 1770 Erat
475 1706 605 1793 quidem
631 1706 729 1791 tripes
753 1727 826 1769 cum
845 1704 953 1768 baculi
978 1704 1208 1783 sustentaculo,
1234 1728 1306 1792 quae

153 1792 314 1857 suffulcire
330 1816 395 1857 non
410 1806 539 1878 poterat
555 1793 691 1878 seipsam
710 1788 830 1878 proprii
848 1792 939 1876 pedis
958 1791 1162 1856 adminiculo.
1213 1793 1306 1857 Cala·

153 1880 246 1944 mitas
262 1903 340 1965 ergo
359 1879 522 1945 Babilonis
538 1903 610 1945 eam
625 1881 801 1958 invenerat,
818 1902 891 1966 quae
907 1879 1107 1964 opprimente
1123 1877 1244 1942 doloris
1259 1880 1305 1942 in·

154 1967 353 2054 quietudine,
382 1967 500 2053 pedem
530 1981 625 2033 terrae
650 1967 781 2032 solidius
804 1967 938 2050 infigere
956 1989 1021 2030 non
1047 1966 1187 2030 valebat.
1232 1967 1305 2032 Flu·

153 2055 302 2142 minaque
329 2055 565 2119 desolationum
585 2055 745 2133 sustinuit,
762 2077 835 2142 quae
850 2067 959 2117 mente
982 2054 1081 2117 fluida
1096 2068 1130 2117 et
1153 2053 1303 2132 instabili,

154 2143 379 2206 consolationis
394 2142 539 2207 remedia
552 2165 626 2207 cum
648 2142 741 2207 multi
764 2141 868 2206 cordis
887 2141 1034 2226 angustia
1055 2141 1175 2228 ubique
1191 2141 1306 2229 quoeri·

154 2228 254 2292 tando
281 2230 449 2313 expetivit.
510 2230 608 2295 Unde
633 2230 664 2293 in
687 2251 843 2307 sermone,
869 2251 965 2316 quem
989 2228 1134 2313 superius
1158 2228 1304 2294 intexere

155 2316 305 2380 exordita
320 2317 435 2395 fuerat,
453 2317 494 2380 ad
509 2318 642 2381 fratrem
656 2316 846 2402 praedictum
862 2316 939 2380 talia
954 2316 1122 2380 inferebat.
1151 2326 1174 2357 “
1188 2316 1304 2394 Quia,”

154 2401 268 2489 inquit,
296 2413 317 2444 “
328 2403 414 2481 olim,
436 2404 529 2468 Beati
548 2404 720 2468 Cuthberti
739 2403 906 2489 potestatis
922 2402 1125 2468 clementiam
1140 2403 1305 2489 praedictae

155 2489 281 2553 virtutis
297 2490 496 2574 experientia
511 2490 618 2568 didici,
635 2492 677 2556 ad
699 2491 796 2576 ipsius
819 2513 903 2554 nunc
922 2490 1139 2555 sullevationis
1162 2491 1306 2556 remedia

155 2576 256 2640 multa
272 2600 345 2640 curn
360 2577 533 2642 devotione
549 2578 690 2663 confugi.
738 2577 845 2643 Facile
860 2578 990 2665 quidem
1008 2591 1058 2643 est
1079 2577 1185 2643 Beato
1204 2577 1306 2644 Cuth-

154 2664 249 2727 berto
261 2686 343 2728 meae
352 2664 487 2729 miseriae
499 2678 652 2750 praestare
661 2665 821 2743 solatium,
835 2665 890 2752 qui
899 2664 1057 2743 omnibus,
1070 2666 1187 2767 quibus
1196 2666 1306 2729 volue-

155 2750 207 2828 rit,
237 2750 305 2836 opis
330 2765 362 2816 et
386 2752 495 2816 salutis
518 2751 780 2818 acceleratissime
804 2753 1004 2817 administrat
1019 2753 1185 2817 auxrlium.
1234 2752 1305 2838 Ego

155 2837 311 2988 siffiuidem
326 2839 503 2923 gravissimi
516 2839 611 2925 hujus
631 2840 786 2925 compede
808 2840 970 2925 languoris
985 2864 1082 2991 (huam
1098 2840 1307 2905 vehementer

155 2949 175 2989 a
210 2925 291 3010 igor,
309 2939 342 2990 et
357 2949 442 3010 genu
458 2927 547 2991 istius
559 2927 650 3011 gravi
665 2927 840 2991 admodum
849 2927 980 2992 vulnere
1014 2927 1111 2992 oloris
1123 2927 1237 2992 attrita
1250 2927 1308 2992 de·

155 3025 319 3101 torqueor.
367 3013 438 3077 Nec
453 3014 570 3098 pedem
585 3027 680 3079 terrae
696 3014 828 3099 infigere
841 3015 944 3092 valeo,
957 3037 1017 3079 nec
1030 3016 1216 3080 calcaneum
1231 3037 1308 3079 con·

155 3101 282 3165 trahere
295 3099 373 3164 mihi
389 3100 522 3178 sufficio,
536 3124 596 3165 nec
606 3125 737 3165 manum
752 3101 784 3164 in
794 3125 879 3186 genu
892 3102 955 3166 mei
970 3102 1093 3187 gremio
1103 3101 1306 3202 aliquatenus
1322 3135 1325 3141 ¹

155 3187 330 3252 cubitando
345 3189 397 3252 vel
420 3187 607 3253 inhaerendo
629 3201 785 3253 sustento.
833 3189 940 3252 Ardor
962 3189 1112 3253 nimirum
1132 3211 1164 3254 er
1186 3188 1306 3254 insidet

154 3274 429 3359 inextinguibilis3
453 3275 613 3340 cruciatus
635 3275 808 3339 dirissimus
831 3288 865 3340 et
888 3276 1100 3352 insaciabilis3
1127 3276 1222 3340 dolor
1247 3276 1307 3340 im-

154 3383 283 3426 mensus
300 3376 332 3426 et
354 3385 420 3426 non
435 3362 620 3426 moderatus
635 3375 732 3446 atque
748 3361 946 3427 inedicibilis.
994 3362 1080 3428 Nam
1095 3385 1131 3426 os
1154 3365 1257 3429 cruris
1272 3365 1306 3428 in

154 3447 222 3533 ipsa
237 3449 431 3534 compaginis
447 3449 667 3527 dissolutione,
686 3450 701 3514 i
719 3450 849 3534 proprio
864 3449 976 3513 dissilit
991 3450 1218 3526 fundament03
1233 3450 1306 3515 finis

154 3558 232 3600 vero
248 3536 335 3600 tibiae
351 3536 392 3601 de
415 3536 512 3621 ipsius
535 3537 778 3621 conjuncxionis
793 3560 881 3601 nexu
900 3537 1061 3622 discrepet
1075 3550 1110 3601 et
1131 3559 1306 3602 nervorum

152 3623 270 3688 robore
286 3625 336 3688 vel
351 3623 538 3708 ligamento.
587 3623 633 3687 Os
649 3647 726 3688 vero
742 3624 774 3687 in
793 3624 901 3688 medio
916 3623 1074 3688 consitum
1093 3636 1128 3690 et
1146 3624 1235 3688 omni
1253 3647 1306 3690 ro-

154 3710 314 3775 tunditate
329 3711 546 3795 perspericum
571 3709 649 3774 dum
664 3734 697 3776 se
712 3711 754 3775 ad
769 3712 960 3776 alterutrum
971 3711 1081 3775 mobili
1095 3712 1306 3778 obvolutione

152 3796 296 3876 inflectit,
308 3797 539 3882 inexplicabilis
548 3757 716 3883 languoris
728 3798 806 3861 mihi
821 3798 974 3862 insaniam
990 3797 1083 3861 simul
1095 3811 1129 3862 et
1143 3799 1306 3864 miseriam

152 3883 266 3970 gignit.
313 3883 400 3949 Nam
412 3885 438 3949 si
453 3885 565 3950 sedere
581 3884 814 3962 deliberaver0,
828 3885 914 3948 dirus
927 3885 1030 3950 aculei
1044 3885 1191 3949 stimulus
1207 3885 1307 3951 medii

153 3971 231 4037 ossis
246 3972 340 4056 hujus
352 3971 524 4036 medullam
540 3971 702 4055 perforat3
719 3972 744 4037 si
756 3993 916 4056 exurgere
931 3995 1012 4057 opus
1026 3972 1183 4051 habuero,
1201 3987 1306 4060 guttae

153 4058 241 4121 stilus
257 4059 456 4123 acutissimus
472 4058 615 4124 omnium
631 4081 785 4124 venarum
801 4074 836 4125 et
850 4082 1022 4123 nervorum
1037 4058 1189 4124 intestina
1204 4075 1308 4126 trans-

152 4145 289 4209 meando
305 4160 339 4210 et
354 4145 573 4230 distringendo
584 4159 744 4212 recurvat.
794 4147 903 4222 Quare
919 4169 1003 4210 nunc
1018 4168 1101 4211 meae
1115 4146 1306 4213 calamitatis

153 4232 350 4315 oppressioni
366 4232 551 4310 succurrite,
569 4256 642 4319 quae
657 4235 759 4318 major
783 4247 831 4298 est
870 4257 942 4298 uam
957 4232 1069 4318 lingua
1082 4232 1187 4319 perita
1210 4235 1307 4300 suffe-

153 4317 232 4382 cerit
255 4321 438 4404 explicare:
462 4320 519 4384 sed
542 4319 653 4398 nolite,
671 4344 792 4408 quaeso,
818 4258 1022 4405 indignanter
1044 4322 1195 4406 accipere
1215 4322 1305 4409 quod

153 4405 247 4470 sacris
256 4406 396 4496 reliquiis
408 4405 500 4473 istinc
512 4406 750 4475 introducendis
762 4431 828 4475 non
841 4408 989 4475 valebam
1004 4430 1182 4494 assurgere.
1209 4407 1305 4474 Istius
