2924 4966
151 352 221 425 168
499 372 713 423 acciuntur
742 372 926 423 nonacnr

149 562 225 623 gere
242 538 293 603 vel
316 538 356 602 ad
375 562 408 602 se
424 550 620 603 contrectare
639 538 688 636 [ia
702 558 802 621 marp.
818 538 869 601 vel
892 535 1100 623 contrahere]
1118 536 1270 601 valebant:

152 626 266 703 solatii,
283 650 355 689 cum
370 626 451 689 illius
466 624 631 713 potestatis
650 626 772 689 incuria
793 624 890 689 nichil
911 625 1060 711 deperire
1075 624 1186 703 voluit,
1200 623 1273 711 quod

151 715 285 779 fratrum
306 714 484 779 sollicitudo
508 714 623 777 devota
638 713 706 797 ejus
725 713 880 781 custodia
894 711 1109 799 providentie:
1123 711 1273 777 commisit.

155 802 316 867 Devotum
340 796 468 889 quidem
490 801 548 865 sibi
570 800 724 863 famulum
747 823 806 886 pro
822 801 910 865 illato
928 799 989 866 sibi
1010 799 1171 871 servitutis
1185 799 1273 869 officio

152 890 330 968 contristari
354 890 418 953 sive
441 887 618 975 perturbari
640 888 672 951 in
686 888 776 952 nullo
791 888 902 967 voluit,
919 902 953 952 et
975 888 1093 953 iccirco
1114 912 1135 959 a
1155 886 1275 988 depositi

153 981 200 1041 sui
217 977 399 1062 integritate
415 1001 488 1042 eum
504 975 633 1040 diminui
649 974 715 1039 sive
732 976 914 1041 defraudari
928 978 961 1042 in
977 977 1067 1041 nullo
1082 975 1231 1061 permisit.

153 1243 253 1305 CAP.
269 1243 527 1307 Lxxxt-De
541 1241 739 1305 tintinnabulo
755 1242 861 1306 Sancti
877 1242 1033 1305 Cuthberti
1040 1265 1053 1317 ;
1076 1230 1277 1325 qamnodofa·

242 1334 288 1391 ris
302 1352 411 1393 aranas
424 1351 539 1411 semper
553 1350 644 1410 super
658 1331 737 1391 illud
750 1332 913 1404 inheserat,
929 1350 1085 1412 antiquam
1099 1337 1200 1393 wama
1213 1328 1280 1393 idad

239 1420 461 1498 apprehendere
467 1421 603 1499 potuerit
614 1440 626 1489 ,·
640 1425 669 1479 ct
676 1419 753 1498 qaid
756 1418 874 1481 mistice
881 1420 1002 1498 sanam
1013 1419 1096 1481 illud
1091 1418 1278 1501 fipmaaent

203 1591 355 1655 Armonia
376 1591 543 1677 spiritualis
566 1590 712 1654 melodia
735 1604 768 1654 et
783 1604 967 1669 concentus,
996 1590 1091 1656 Beati
1121 1589 1279 1657 Cuthberti

156 1679 218 1743 dici
234 1692 338 1764 potest
354 1693 420 1743 tarn
434 1680 586 1743 virtutum
605 1701 700 1765 quam
721 1679 945 1743 miraculorum
970 1679 1164 1743 suavissimae
1186 1678 1280 1743 delec-

156 1766 283 1831 tationis
310 1767 452 1831 cffectus.
508 1766 632 1853 Nempe
656 1766 736 1831 sicut
762 1766 930 1853 tympanus
952 1781 986 1831 et
1009 1767 1126 1841 chorus
1146 1766 1233 1831 melis
1253 1778 1281 1831 ct

156 1854 270 1919 fidibus
287 1854 317 1917 in
333 1855 506 1919 dulcedinis
518 1853 730 1918 modulamine
745 1868 927 1942 concrepat,
944 1857 988 1919 sic
1007 1855 1102 1919 Beati
1121 1852 1280 1920 Cuthberti

156 1943 390 2028 magnificentia
419 1942 542 2007 virtutis
572 1956 604 2006 et
635 1941 738 2026 operis
764 1942 844 2006 mira
876 1942 1038 2008 suavitatis
1076 1942 1280 2009 delectatione

156 2032 313 2095 inentibus
332 2030 405 2094 sane
428 2030 674 2115 intelligentibus
701 2032 879 2095 resonando
902 2031 1044 2095 resultat.
1104 2029 1281 2105 Annonicus

157 2119 276 2182 etenim
290 2141 395 2197 sonus,
413 2119 466 2205 qui
482 2119 566 2182 dulci
582 2132 614 2182 et
628 2130 776 2181 nectareo
792 2118 1005 2183 modulamine
1021 2118 1055 2181 in
1074 2118 1140 2183 Dei
1163 2117 1282 2195 auribus

157 2206 291 2284 intonat,
308 2229 386 2291 opus
407 2205 680 2293 contemplationis
704 2218 737 2269 et
762 2207 863 2270 melus
881 2206 1079 2293 jubilationis
1104 2206 1283 2283 meritorum

162 2294 253 2357 Beati
287 2295 456 2360 Cuthberti
486 2308 562 2371 est;
596 2294 650 2381 qui
680 2292 808 2357 mirifice
837 2294 1008 2379 fragrando
1038 2293 1187 2360 omnibus
1215 2293 1282 2359 vite

157 2404 193 2444 sa
215 2404 302 2446 orem
325 2407 398 2446 curn
421 2382 588 2447 dulcedine
611 2381 817 2446 administrat.
879 2382 995 2461 Melus,
1023 2382 1078 2469 qui
1106 2379 1283 2447 medullitin

157 2404 303 2548 subcinit,
332 2471 462 2535 affectus
487 2483 519 2534 et
549 2493 628 2555 opus
654 2468 751 2553 ipsius
778 2483 836 2547 est,
854 2470 908 2556 qui
931 2469 1064 2535 interids
1088 2482 1123 2535 et
1146 2466 1283 2543 subtilids

157 2556 301 2621 discinit:
318 2559 388 2622 fidis
400 2583 472 2646 quae
488 2558 637 2644 tangitur,
654 2556 751 2620 virtus
767 2571 815 2622 est
829 2558 952 2642 gratiae,
963 2559 1050 2658 cujus
1066 2557 1285 2625 benivolentia

157 2644 324 2710 dulcedine
347 2670 426 2733 opus
449 2648 589 2711 exterior
611 2644 857 2710 administrando
876 2646 1079 2732 producitur:
1104 2646 1222 2732 digitus
1256 2645 1285 2711 ui

156 2733 323 2818 contingit,
345 2735 480 2821 spiritns
499 2734 605 2799 Sancti
621 2747 668 2798 est
683 2733 820 2809 donum3
844 2733 946 2820 quise
977 2734 1168 2799 Sanctorum
1190 2670 1286 2800 coldi-

158 2822 217 2885 bus
243 2821 487 2886 misericorditer
510 2822 671 2886 infundit:
703 2822 855 2907 unguium
879 2821 1070 2908 superficies,
1103 2824 1168 2910 qua
1195 2822 1286 2889 corda

159 2909 364 2995 contingitur,
381 2926 429 2975 est
454 2910 598 2975 discretae
621 2909 860 2975 examinationis
885 2912 980 2988 acies,
1004 2911 1067 2997 qua
1091 2934 1184 2997 opus,
1205 2908 1286 3001 quod

157 3021 264 3062 coram
288 2999 483 3083 producitur,
509 3000 644 3084 quadarn
667 2998 835 3077 artificiosa
857 2998 1030 3062 subtilitate
1055 2997 1198 3065 discussa
1220 3020 1286 3086 per·

158 3087 327 3171 penditur:
352 3101 518 3173 tympanus
542 3098 590 3150 est
620 3085 712 3151 Beati
740 3085 908 3152 Cuthberti
932 3109 1055 3171 corpus,
1073 3088 1164 3172 cujus
1190 3086 1285 3153 carnis

159 3175 330 3240 delectatio
347 3188 415 3238 tota
429 3175 460 3237 in
479 3175 597 3239 Christi
612 3197 704 3238 cruce
720 3173 897 3260 configitur,
914 3187 951 3238 ut
973 3197 1045 3238 curn
1061 3173 1206 3241 Domino
1220 3198 1287 3262 per·

158 3263 304 3327 henniter
316 3263 487 3348 glorietur:
508 3263 621 3326 chorus
637 3262 691 3349 qui
705 3263 874 3326 multarum
893 3285 1006 3344 vocum
1021 3262 1202 3329 discrimine
1217 3286 1287 3329 con·

157 3350 233 3415 sone
239 3351 367 3435 jubilat,
377 3350 555 3414 multimodi
563 3350 693 3414 affectus
702 3364 749 3415 est
757 3349 852 3436 ipsius
860 3349 984 3413 virtutis
993 3372 1137 3436 operum,
1147 3352 1203 3439 qui
1211 3374 1288 3417 sem·

159 3461 216 3523 per
231 3439 263 3501 in
279 3439 385 3502 Sancti
402 3438 535 3524 Spiritiis
548 3438 768 3503 benedictione
781 3438 977 3502 concinendo
988 3439 1174 3504 concordat.
1221 3438 1287 3505 Nee

158 3526 351 3591 dissimiliter
362 3528 464 3591 adhuc
476 3539 618 3613 tempore
632 3526 758 3591 instanti
774 3526 866 3591 Beati
881 3524 1049 3592 Cuthberti
1061 3548 1142 3611 opus
1156 3528 1289 3593 miracu·

160 3615 264 3678 lorum
285 3629 421 3693 resonat,
447 3615 534 3701 quod
563 3613 677 3679 cotidie
701 3614 791 3679 nobis
815 3614 1015 3679 cernentibus
1045 3637 1078 3677 se
1109 3616 1288 3699 exercendo

158 3703 365 3767 demonstrat.
414 3703 510 3778 Quod
534 3726 576 3767 ex
597 3702 800 3790 subsequenti
821 3703 972 3768 miraculo
989 3702 1144 3788 perpendi
1159 3704 1286 3791 poterit,

159 3791 186 3853 si
202 3790 255 3877 qui
270 3790 351 3855 illius
367 3792 618 3877 contemplandae
633 3791 757 3855 virtutis
773 3791 899 3856 effectui
913 3790 1055 3855 insistere
1071 3790 1288 3865 delectaverit.

163 3878 241 3944 Erat
271 3878 436 3965 siquidem,
468 3880 606 3966 quodam
638 3893 792 3965 tempore,
823 3879 951 3966 quidam
982 3877 1134 3956 minister,
1167 3881 1289 3967 quiin

159 3967 294 4054 coquina
323 3967 468 4031 Fratrum
495 3968 589 4032 officii
615 3967 709 4052 ipsius
739 3967 920 4054 magisterio
943 3967 1146 4051 fungebatur,
1176 3982 1210 4034 et
1232 3992 1289 4055 pro

160 4055 313 4139 potentiae
329 4055 508 4140 hujusmodi
523 4055 662 4120 dominio
677 4080 697 4121 a
718 4056 874 4120 nonnullis
897 4055 1053 4119 sociorum
1075 4053 1105 4118 ei
1127 4054 1160 4118 in
1183 4056 1289 4123 multis

160 4143 410 4229 obtemperando
439 4143 684 4207 ministrabatur.
743 4145 860 4208 Wlmer
885 4144 952 4229 ipse
977 4155 1106 4207 uocatus
1130 4157 1211 4223 erat,
1239 4144 1289 4209 cui

159 4229 257 4293 etiam
268 4230 349 4293 filius
361 4230 488 4318 quidam
500 4244 709 4309 succreverat,
723 4233 773 4296 cui
791 4232 972 4297 Rodbertus
984 4254 1099 4295 nomen
1111 4232 1289 4298 exstiterat.

165 4314 227 4383 Hic
253 4317 370 4382 diutius
397 4318 531 4383 clericali
557 4318 662 4383 studio
689 4343 730 4383 ex
760 4321 857 4406 patris
890 4333 1050 4406 praecepto
1078 4318 1287 4407 mancipatus,
