2924 4966
157 365 245 434 ato.
507 365 721 426 aucturum
752 358 935 426 sionnam

156 546 243 610 dono
257 543 475 618 beatitudinis,
493 541 538 605 ita
552 555 586 606 et
597 539 700 605 omnis
714 539 790 604 boni
806 540 899 626 copia
913 540 1010 626 ipsius
1025 563 1078 606 res
1092 558 1301 628 augmentan-

156 633 200 696 do
215 645 384 719 perpetuat
400 631 431 694 in
446 642 619 714 augmento
635 627 857 706 indeficientis,
875 642 910 692 et
933 629 965 692 in
986 630 1074 695 omni
1100 631 1298 698 incremento

156 722 310 807 largifluae
325 719 475 784 caritatis.
523 716 646 782 Caritas
661 715 808 779 nimirum
824 738 897 804 quae
921 717 952 780 in
976 717 1060 796 Deo,
1077 719 1205 785 fervore
1221 721 1299 787 dila-

156 823 205 874 tat
231 807 324 872 Beati
354 806 524 872 Cuthberti
549 804 700 881 animum,
724 803 793 889 ipsa
818 803 966 869 omnibus
990 805 1088 891 ipsius
1118 809 1215 873 rebus
1241 811 1296 875 dat

156 897 295 982 copiosae
319 892 570 958 fructificationis
590 907 809 976 augmentum.
858 891 955 966 Quod
978 915 1020 957 ex
1036 895 1188 978 praesenti
1203 897 1297 962 mira·

154 983 230 1048 culo
244 982 319 1047 satis
335 982 429 1046 datur
445 979 597 1064 intelligi;
623 983 705 1042 sicut
720 978 893 1044 manifestis
904 980 1025 1066 poterit
1044 981 1167 1046 indiciis
1192 984 1297 1050 decla·

157 1071 231 1135 rari.
277 1070 404 1154 Nempe
420 1071 451 1131 in
470 1068 627 1132 Coeuobio
650 1067 857 1131 Dunelmensi
880 1068 1008 1155 quidam
1029 1069 1129 1134 frater
1148 1071 1296 1138 Elfredus

158 1157 312 1224 cellerarii
338 1157 531 1242 fungebatur
554 1154 669 1232 officio,
700 1156 755 1242 qui
784 1155 912 1219 incertis
932 1156 1016 1221 horis
1040 1157 1127 1222 domi
1151 1159 1299 1225 residuus⁴

158 1270 226 1311 esse
238 1245 354 1346 potuit,
371 1242 513 1330 eoquod
529 1243 668 1306 omnium
684 1243 880 1307 exteriorum
892 1266 998 1308 rerum
1009 1245 1153 1310 ecclesiae
1169 1248 1211 1311 ad
1227 1250 1297 1335 ejus

158 1334 389 1420 providentiam
416 1354 493 1395 cura
521 1329 686 1415 pertinuit.
750 1330 847 1396 Unde
873 1331 961 1418 quasi
993 1356 1067 1418 apes
1094 1332 1136 1398 de
1162 1337 1294 1402 floribus

159 1421 317 1486 saecularis
344 1418 526 1495 affluentiae,
540 1441 617 1504 opes
644 1420 835 1482 necessarias
857 1419 1028 1504 colligebat
1043 1421 1188 1486 ecclesiae
1206 1448 1215 1501 3
1249 1425 1296 1490 fa-

158 1532 297 1595 vumque
309 1509 409 1573 mellis
425 1506 506 1571 iusra
520 1506 686 1571 ecclesiam
701 1506 900 1584 conficiebat,
917 1508 992 1572 dum
1009 1523 1136 1573 teneros
1155 1513 1296 1576 exterio·

158 1598 201 1661 ris
227 1595 455 1661 habundantiae
477 1595 598 1658 fructus
629 1594 755 1679 sapidos
784 1616 844 1679 pro
869 1595 1052 1661 maturitate
1078 1600 1231 1684 temporis
1261 1615 1294 1666 et

158 1686 276 1749 virtute
292 1683 496 1770 plenitudinis
511 1682 692 1767 colligebat,
710 1697 743 1746 et
759 1681 789 1745 in
810 1705 889 1768 opus
905 1683 1048 1749 ecclesia
1067 1688 1292 1772 comportavit.

162 1773 223 1838 Cui
238 1772 509 1836 comministrabat
525 1769 654 1834 interius
666 1770 794 1856 quidam
808 1769 917 1849 irater,
930 1772 1056 1836 nomine
1070 1773 1235 1855 Paulinus,
1249 1776 1295 1839 vir

159 1861 295 1925 devotus
306 1860 412 1924 studio
427 1861 564 1945 pietatis,
577 1873 611 1922 et
626 1858 773 1942 egregius
790 1873 976 1943 prosecutor
994 1861 1099 1924 officio
1122 1863 1294 1948 religionis.

164 1948 228 2024 Qui
249 1948 462 2013 subcellerarii
483 1950 552 2011 vice
579 1946 753 2023 fruebatur,
778 1961 821 2024 et,
849 1951 1021 2033 praeposito
1045 1948 1121 2013 foris
1151 1950 1295 2037 quolibet

159 2037 309 2122 degente,
330 2059 424 2100 omne
449 2034 656 2099 ministerium
675 2056 732 2119 per
750 2032 846 2118 ipsius
865 2035 1032 2120 imperium
1055 2038 1294 2105 moderabatur.

162 2125 225 2188 Hic
235 2125 369 2208 angulos
384 2120 583 2188 cellariorum
595 2138 629 2186 et
637 2121 758 2206 plateas
767 2121 960 2186 officinarum
970 2122 1062 2188 anxie
1071 2127 1223 2210 providus
1236 2128 1296 2192 cir·

159 2213 310 2290 cumibat,
331 2226 364 2275 et
377 2211 473 2275 velud
486 2234 562 2295 apes
576 2210 751 2273 domestica
763 2211 815 2274 vel
827 2211 1013 2276 secundaria
1025 2214 1171 2278 rimando
1186 2237 1296 2280 caver·

158 2300 248 2364 nulus
263 2300 327 2363 favi
337 2298 499 2364 intestinas
509 2321 567 2383 pro
579 2297 709 2361 modulo
721 2321 778 2361 suo
787 2299 893 2362 omnia
903 2300 1121 2384 promovendo
1130 2301 1295 2388 dispensa·

157 2388 224 2451 bat.
250 2386 335 2450 Nam
344 2386 495 2492 quicquid
506 2385 585 2449 alius
597 2385 726 2448 domum
738 2401 937 2472 comportare
948 2388 1079 2466 studuit,
1091 2388 1125 2453 id
1140 2413 1236 2456 omne
1248 2392 1294 2456 al·

158 2488 207 2539 ter
215 2474 371 2538 ordinarie
382 2473 563 2557 dispensare
573 2472 699 2557 sategit.
716 2472 830 2539 Multis
838 2474 934 2558 igitur
941 2475 1099 2540 interdum
1109 2476 1293 2544 divitiarum

155 2562 254 2647 copiis
266 2561 449 2639 affluebant,
455 2584 495 2624 eo
507 2561 593 2647 quod
605 2560 729 2624 officiali
738 2561 845 2626 studio
856 2561 981 2647 pietatis
993 2564 1120 2651 utrique
1130 2567 1293 2652 vigebant.

159 2650 225 2714 Sed
239 2650 314 2736 qnia
336 2648 451 2713 nullius
479 2648 590 2712 domirs
617 2647 812 2733 dispensatio
826 2648 909 2714 adeb'
934 2651 1064 2735 providi
1089 2652 1288 2736 discernitur,

177 2738 241 2802 uod
256 2737 457 2824 quandoque,
471 2735 627 2821 repentini
642 2737 732 2802 castis
747 2736 971 2803 incertitudine
986 2743 1213 2824 praeveniente,
1226 2764 1290 2822 non

153 2762 285 2904 laturus,
301 2825 456 2909 contingit
473 2824 585 2889 diebus
608 2824 748 2909 ipsorum
764 2839 800 2889 ut
820 2849 908 2890 casus
929 2827 1112 2892 subitaneus
1126 2829 1292 2919 utriusque

154 2913 436 3000 praemeditationis
451 2911 682 2998 providentiam
700 2911 835 2996 falleret,
853 2928 886 2978 et
903 2914 971 2999 jam
986 2915 1068 2980 soliti
1092 2917 1189 3002 potirs
1203 2940 1294 2983 men·

155 3026 229 3067 sura
242 3002 489 3066 habundantiam
504 2999 707 3065 sufficientiits
724 3000 908 3086 denegaret.
947 3002 1073 3089 Nempe
1083 3005 1116 3068 in
1130 3006 1219 3070 omni
1233 3006 1293 3071 do-

154 3114 208 3155 mo
223 3090 365 3155 ecclesiae
380 3089 511 3153 cervisia
526 3088 640 3165 defuit,
657 3101 690 3153 et
705 3087 763 3151 nisi
778 3089 899 3154 dolium
918 3091 1079 3176 quoddam
1100 3091 1133 3156 iu
1149 3093 1289 3172 cellario,

154 3178 316 3243 residuum
332 3177 464 3242 inveniri
487 3176 664 3262 praevaluit.
710 3175 905 3264 Doliumque
920 3177 1022 3263 ipsum
1037 3202 1096 3243 uec
1110 3183 1291 3266 pergrande

154 3266 214 3331 suit
240 3268 292 3330 vel
315 3265 544 3351 permodicum,
560 3263 617 3328 sed
643 3263 720 3328 exili
744 3279 851 3329 tamen
877 3266 1054 3366 quantitate
1077 3268 1290 3334 moderatum.

158 3355 209 3419 Ita
230 3367 266 3418 ut
288 3353 437 3418 fratribus
460 3352 551 3416 unius
572 3374 707 3416 annonae
729 3353 947 3417 sufficientiam
962 3355 1136 3419 modestiirs
1152 3357 1290 3422 sobriam

154 3442 367 3526 promitteret,
384 3456 417 3506 et
435 3440 567 3505 ulterius
582 3440 713 3524 alicujus
728 3439 838 3504 auxilii
860 3441 1108 3507 habundantiam
1131 3445 1290 3512 modicam

154 3531 205 3593 vel
220 3529 391 3594 maximam
402 3552 461 3593 nec
473 3527 637 3592 sobrietati
652 3527 859 3592 sufficientem
873 3552 932 3594 nec
947 3530 1127 3595 necessitati
1142 3533 1292 3598 conveni-

153 3632 261 3682 entem
285 3617 503 3681 administrare
527 3616 754 3701 praevaluisset.
801 3616 872 3681 Nec
896 3617 927 3680 in
943 3619 1011 3682 tota
1025 3618 1154 3684 civitate
1169 3616 1291 3709 aliquid

153 3705 294 3770 cervisiae
316 3704 519 3789 comparandi
541 3703 643 3788 gratia
658 3703 708 3767 vel
730 3704 857 3768 emendi
878 3705 1044 3790 praevaluit
1070 3706 1214 3788 inveniri,
1231 3730 1290 3774 nec

153 3793 317 3879 graminea
338 3793 490 3857 naturalis
513 3791 688 3856 substantia
709 3794 949 3879 usquequaque
972 3793 1004 3856 in
1026 3807 1187 3880 promptu,
1204 3797 1290 3862 unde

153 3881 266 3945 confici
282 3881 447 3958 debuerat,
466 3893 590 3966 poterat
613 3878 755 3964 reperiri.
803 3879 883 3944 Haec
907 3881 1005 3945 etiam
1028 3896 1197 3968 paupertas
1221 3907 1291 3950 mo-

153 3970 225 4035 dica
247 3993 318 4056 quae
342 3982 517 4053 supererat,
534 3967 588 4031 vix
611 3967 702 4031 unius
718 3967 781 4031 diei
803 3962 1021 4033 sufficientiam
1043 3969 1117 4033 solis
1138 3970 1289 4047 fratribus

153 4058 383 4145 spopondebat.
441 4057 538 4121 Unde
564 4054 744 4120 cellerarius
767 4056 948 4141 praedictus,
972 4056 1288 4134 uimiddesolatioue

152 4146 348 4231 profligatus,
364 4142 509 4229 dapifero
523 4142 724 4208 claviculario
738 4158 944 4229 praeceperat,
961 4145 1048 4231 quod
1066 4145 1184 4217 nemini
1199 4148 1288 4234 peni.

153 4246 205 4296 tus
220 4234 280 4298 nisi
294 4231 493 4297 solummodo
507 4230 581 4295 solis
595 4229 743 4295 fratribus
758 4244 882 4317 guttam
897 4232 1016 4296 exinde
1030 4256 1124 4298 uuam
1140 4235 1220 4311 dare
1233 4236 1290 4302 de·

153 4321 283 4384 buisset.
330 4331 352 4360 ‘⁴
367 4319 536 4403 Oportet,’'
555 4318 667 4405 inquit,
694 4319 934 4404 “providenter
952 4334 1108 4404 satagere,
1126 4335 1160 4386 et
1174 4324 1288 4388 domus

158 4407 436 4472 Beati-Cuthberti
452 4405 629 4492 paupertati
645 4406 787 4485 fortuitae
798 4409 942 4472 consulto
953 4409 1170 4476 moderamine
1184 4411 1289 4497 provi-
