2924 4966
150 360 203 423 d‘t
508 370 724 423 usursuuut
752 370 947 423 nouscrrr

151 548 263 599 tenore
287 532 440 619 permisit.
488 532 584 619 llegii
606 532 762 621 siquidem
783 532 885 599 edicti
912 534 1125 601 mandatum
1150 534 1297 623 pertimue-

151 636 222 683 rant
249 636 282 683 et
296 618 422 683 'iccirco
451 618 534 683 illius
564 622 717 685 offensam
747 618 911 683 incurrere
944 624 1202 707 praecavebant.
1243 620 1297 687 Rex

151 706 248 769 etisnu
264 708 373 770 multu*
390 706 614 787 indignationis
629 707 736 771 surore
751 706 783 769 in
798 728 874 769 eum
885 706 1110 787 desaevierat,
1127 710 1214 775 unde
1227 708 1297 775 etdl·

151 794 249 856 versis
264 794 339 857 ferri
352 792 550 875 ligaminibus
559 792 732 877 constringi
747 814 821 855 eum
836 792 1008 859 effecerat.
1065 796 1158 861 Nam
1169 796 1202 859 in
1215 818 1298 861 cane·

152 902 231 957 rem,
255 902 322 963 pru·
344 878 523 943 carceribus
545 880 770 955 obscuriorem,
787 901 862 942 eum
885 880 1098 961 detruserat,
1124 896 1161 947 et
1186 880 1297 969 copiosi

151 966 228 1029 ferri
250 966 442 1049 ponderibus
462 988 535 1029 cnm
554 980 799 1029 concatenatum
817 965 1037 1031 devincierat.
1092 970 1218 1035 Carcer
1233 968 1297 1033 euim

154 1054 195 1115 ab
210 1052 405 1116 obscuritate
417 1053 587 1117 tenebrosa
601 1066 634 1117 ct
650 1050 801 1137 palpabili
818 1050 902 1115 Cole
917 1052 1115 1133 dicebatur,
1132 1056 1211 1143 quia
1222 1054 1298 1119 nield

155 1138 232 1203 inibi
249 1140 307 1202 uisi
323 1138 526 1223 turpitudinis
542 1151 575 1202 et
591 1138 752 1223 nigerrimi
766 1138 908 1201 horroris
919 1140 1194 1227 relinquebatur.
1238 1140 1298 1205 aa

155 1226 228 1289 chia
242 1226 272 1289 ei
288 1226 320 1288 in
335 1224 464 1288 manicis
479 1226 590 1289 l'erreis
606 1226 808 1303 astrinxerat,
818 1224 920 1307 pedes
934 1226 1112 1311 stipitibus
1126 1228 1298 1293 constrictus

156 1314 344 1387 inseruerat,
361 1312 453 1375 tibias
468 1312 545 1374 firiis
560 1314 776 1375 obseraverat.
808 1310 940 1375 Collum
948 1335 1032 1377 vero
1049 1316 1127 1399 ejus
1142 1336 1298 1381 carcaums

156 1400 278 1462 ferrens
294 1398 437 1461 immensi
458 1398 606 1481 ponderis
622 1413 656 1462 et
678 1398 767 1461 mirae
785 1397 1017 1481 magnitudinis
1032 1400 1298 1477 circumduxeris,

157 1484 361 1569 mediumque
373 1484 513 1567 corporis
526 1484 611 1547 idem
626 1484 807 1569 colligando
818 1483 1074 1583 circumquaque
1091 1488 1298 1563 concinxent

156 1586 190 1635 et
206 1572 251 1635 ita
265 1594 322 1655 per
337 1570 520 1633 umbilicum
532 1571 661 1647 ventris,
671 1571 821 1635 intestina
833 1584 1145 1659 constnngens,per
1158 1576 1300 1639 semorum

158 1658 264 1722 media
278 1657 502 1742 pertransibat,
516 1673 549 1720 et
561 1658 605 1720 sic
617 1658 772 1741 parietem
784 1655 990 1741 perforando,
1004 1660 1190 1743 egrediens
1199 1658 1300 1727 deforis

158 1746 249 1808 clavo
273 1743 471 1828 permaximo
495 1757 529 1808 et
548 1742 654 1809 ferreo
678 1759 840 1828 proeacnto
866 1742 899 1805 iu
920 1744 1071 1809 trabibus
1096 1746 1301 1815 exterioribus

157 1832 292 1895 carceris
308 1830 458 1913 infigitur,
476 1844 509 1893 et
524 1830 569 1893 ita
583 1830 740 1895 violenter
759 1829 920 1893 inducitur
933 1830 1024 1916 quod
1038 1834 1137 1898 nullo
1151 1832 1301 1899 molimine

159 1918 285 1981 extrahi
300 1917 449 2001 possibile
464 1916 637 1981 videretur.
685 1917 763 1981 Pars
778 1940 850 2003 qnoe
864 1916 1011 2001 superius
1025 1920 1118 1984 collo
1138 1920 1301 1995 insedmt,

159 2017 341 2067 transvecta
355 2025 413 2086 per
427 2002 556 2087 parietis
573 2002 725 2079 medium,
742 2004 891 2068 humeros
907 2016 942 2066 et
957 2014 1052 2087 terga
1065 2006 1219 2071 strictius
1233 2005 1304 2093 puri·

159 2090 204 2153 eti
220 2091 382 2153 cohoerere
401 2091 619 2173 compulerat3
639 2090 770 2153 inferior
789 2112 876 2166 vero,
893 2112 968 2175 qnae
986 2090 1143 2157 similiter
1157 2094 1304 2179 parietem

160 2175 352 2252 dimetierat,
363 2175 498 2262 reliquas
517 2190 624 2259 partes
639 2177 780 2261 corporis
791 2175 1042 2260 constringendo
1055 2178 1189 2243 firmans
1204 2178 1305 2267 lapidi-

159 2264 219 2327 bns
234 2262 397 2326 subsidere
417 2262 565 2326 faciebat.
614 2264 665 2326 lta
685 2263 769 2326 enim
792 2284 920 2327 omnem
939 2262 1095 2327 movendi
1120 2266 1305 2331 facilitatem

161 2350 357 2426 ademerant,
375 2350 462 2435 quod
477 2372 603 2413 ornnem
619 2349 807 2413 immutandi
821 2348 883 2413 loci
898 2347 1087 2413 facultatem
1103 2352 1246 2417 omniuo
1258 2352 1307 2417 de·

159 2439 331 2520 negabant.
363 2436 518 2499 Latitudo
533 2437 601 2520 ejus
616 2438 656 2499 ab
671 2437 877 2500 humerorum
890 2434 1060 2521 prohemio
1073 2458 1169 2521 pene
1182 2440 1219 2503 in
1233 2438 1308 2505 occi·

161 2521 234 2607 pitis
249 2546 283 2586 se
295 2524 374 2586 fines
390 2522 553 2586 dilatando
569 2522 771 2600 extenderat,
785 2536 819 2587 et
834 2522 879 2586 ita
892 2522 1034 2622 undique
1050 2524 1130 2587 colli
1145 2526 1309 2611 superiora

159 2624 193 2674 ct
208 2608 359 2673 inferiora
381 2609 581 2673 dimeciendo
603 2622 699 2695 atque
721 2609 937 2692 percurrendo
959 2610 1235 2693 circumvolvens,
1248 2634 1309 2677 om-

160 2719 235 2760 nem
246 2696 354 2779 effugii
369 2695 611 2781 possibilitatem
623 2695 812 2759 abducendo
827 2694 1055 2781 captivaverat.
1103 2696 1310 2765 Arteriarnm

160 2784 258 2847 etiam
277 2796 382 2846 motus
401 2796 433 2846 et
456 2805 570 2846 vocum
588 2782 743 2866 spiracula
762 2805 844 2866 pene
865 2783 1091 2857 obstruxerat;
1109 2784 1195 2869 qnia
1216 2782 1309 2851 ferrei

160 2869 323 2953 compedis
338 2869 425 2952 rigor
445 2892 572 2933 omnem
587 2881 707 2933 tenerae
730 2869 887 2953 pelliculae
910 2867 1112 2952 superficiem
1133 2872 1309 2937 exedenda

161 2956 385 3020 minoraverat.
434 2955 525 3019 Sedis
540 2955 621 3018 ihius
636 2954 806 3020 miseriaci
826 2968 895 3020 erat
910 2968 976 3019 tam
991 2954 1034 3019 ad
1054 2976 1184 3021 mensae
1203 2958 1310 3023 couvi·

162 3044 248 3106 vium
270 3064 366 3129 quarn
380 3041 422 3105 ad
443 3042 566 3105 latrinae
589 3055 844 3126 purgamentum,
861 3042 936 3129 quia
956 3040 990 3104 in
1011 3040 1133 3126 proprii
1158 3044 1310 3111 stercoris

161 3130 273 3216 pruina
288 3141 321 3192 et
336 3128 435 3191 urinae
451 3129 587 3214 propriae
602 3128 775 3212 putentiori
790 3128 937 3193 linimurd
950 3126 1056 3191 sedilis
1071 3128 1143 3211 ejus
1159 3132 1311 3197 solebant

132 3292 134 3299 Ι
162 3217 257 3281 fuisse
288 3215 487 3280 commercia.
546 3215 656 3279 Foetor
685 3228 792 3279 tamen
821 3215 884 3280 loci
913 3227 1119 3298 augmentum
1152 3216 1311 3283 dedecori

162 3306 350 3389 praestabat3
366 3315 399 3366 et
421 3325 480 3386 pro
499 3301 697 3366 incremento
711 3303 862 3380 horroris,
885 3301 1024 3388 propriae
1038 3301 1142 3365 carnis
1166 3306 1311 3389 putredo

162 3391 341 3455 exstiterat.
401 3389 499 3463 Quod
525 3388 565 3452 de
589 3389 735 3452 carcanni
758 3389 907 3473 porcione
934 3389 1002 3473 ejus
1028 3410 1144 3472 corpus
1172 3390 1313 3457 circum-

162 3478 317 3555 cinxerat,
329 3476 447 3539 ventris
459 3475 552 3560 adipe
564 3475 702 3538 strictius
715 3476 883 3554 insidebat,
894 3475 981 3562 quod
993 3474 1117 3539 femora
1124 3478 1312 3561 separando

161 3564 403 3640 divaricaverat,
423 3575 512 3626 nates
536 3577 569 3626 et
591 3584 688 3625 anum
710 3562 931 3649 detorquendo
953 3561 1157 3625 corrodebat.
1210 3564 1312 3645 Quod

163 3674 239 3715 vero
258 3650 356 3734 pedes
377 3649 557 3727 induxerat,
574 3671 739 3733 gressuum
760 3649 895 3733 vestigia
916 3649 949 3712 in
972 3647 1198 3712 tortitudinem
1221 3672 1313 3715 com-

163 3749 354 3802 mutaverat.
402 3737 445 3799 Et
459 3736 507 3799 his
528 3735 674 3799 omnibus
696 3736 786 3799 malis
801 3737 901 3799 fames
916 3734 1092 3799 domestica
1105 3746 1140 3797 et
1154 3734 1227 3799 sitis
1241 3737 1313 3803 ine·

163 3825 217 3888 dia
238 3825 469 3887 incrementum
491 3823 609 3886 doloris
632 3822 804 3907 adjecerat,
821 3822 896 3909 quia
916 3822 1013 3886 nichil
1035 3832 1084 3885 est
1105 3820 1312 3889 miseriarum

164 3910 251 3997 quod
274 3923 399 3973 tautum
412 3908 616 3973 desolationis
632 3921 665 3973 et
688 3909 847 3993 languoris
870 3909 997 3973 efficiat.
1045 3906 1184 3971 Aculeos
1208 3910 1312 3975 etiam

163 3995 427 4080 praeacntissimos
449 3996 525 4060 ferri
547 3993 677 4081 cuspide
701 4009 884 4072 exacuerat,
904 4009 942 4060 -et
965 4016 1020 4059 eos
1043 3993 1309 4085 circumquaque,

167 4082 279 4144 tamin
301 4082 443 4165 postibus
459 4104 554 4169 quam
569 4083 601 4144 in
623 4082 796 4166 parietibus
812 4082 1056 4168 circumquaque
1068 4080 1256 4162 induxerat,
1272 4098 1312 4149 ut

164 4188 353 4251 quocunque
369 4191 403 4232 se
425 4168 590 4233 innitendo
613 4169 809 4246 devolveret,
833 4192 958 4253 semper
973 4168 1099 4232 aculeus
1115 4167 1148 4229 iu
1170 4190 1211 4233 co
1274 4194 1312 4239 re

166 4253 275 4316 mobili
290 4253 451 4329 insideret,
469 4269 501 4319 et
516 4256 628 4318 vulnus
645 4255 762 4319 doloris
777 4256 971 4340 perforando
987 4253 1156 4338 infligeret.
1197 4192 1313 4325 dlihil

167 4338 261 4421 igitur
290 4339 423 4403 remedii
446 4342 495 4403 vel
526 4341 646 4405 consilii
662 4356 851 4425 ⁴superesset
880 4342 938 4406 nisi
971 4341 1061 4406 Deus
1088 4341 1173 4405 solus
1197 4344 1229 4407 ei
1253 4346 1313 4411 ali-
