2924 4966
503 398 719 449 ttnorxnnnt
752 398 940 449 nossent

150 582 227 621 vero
243 558 381 621 fortioris
397 558 493 622 animi
509 560 690 625 bannelitns
706 560 840 635 inerant,
861 558 959 624 Beati
979 560 1168 627 Cuthberti
1183 562 1308 627 clemen·

152 646 227 709 tiam
244 646 428 709 medullitus
445 646 670 731 implorabant,
686 648 762 733 quia
775 646 908 733 quidam
923 646 1077 731 ipsorum
1094 648 1184 713 illius
1198 650 1308 733 alump-

150 734 182 795 ni
198 733 387 795 exstiterant
402 756 411 805 3
428 733 570 797 nonnulli
584 758 661 797 sero
676 734 707 797 in
724 732 901 797 ternlillius
916 733 1054 799 educati
1097 750 1306 813 rocreverant,

150 840 325 904 omnesque
348 819 390 881 (le
416 820 485 903 (jars
509 820 679 885 sanctitate
703 835 736 885 et
756 820 911 883 virtutum
938 756 1111 885 miracubs
1162 846 1237 887 uam
1256 822 1308 885 fre·

151 920 289 992 ‹prenter
303 906 481 969 andierunt.
531 908 648 971 Cartcti
660 908 779 993 itaque,
792 928 847 969 ore
859 928 1010 973 consono
1025 922 1060 973 et
1078 844 1184 973 corde
1200 910 1307 973 devoto

152 994 273 1077 palmas
285 992 327 1055 ad
342 992 447 1057 sidera
458 994 660 1070 attollebant,
673 1017 772 1077 genas
787 992 925 1055 lacrimis
935 994 1107 1093 copiosius
1123 996 1307 1071 irrorabant,

153 1095 186 1144 et
203 1102 258 1143 rea
273 1080 438 1143 tundendo
454 1093 587 1164 pectora
606 1080 698 1143 Beati
717 1078 887 1145 Cutlrberti
903 1080 1068 1144 auxilium
1085 1094 1124 1147 et
1139 1082 1308 1148 clementia

153 1166 327 1230 subsidium
351 1166 543 1231 sustinentes
566 1167 793 1251 expectabant.
841 1164 932 1239 Quid
952 1167 1083 1267 plura?
1134 1168 1209 1234 Nec
1231 1190 1310 1233 mora

154 1254 396 1317 -reneranrlus
423 1254 574 1317 Pontifex
602 1254 811 1330 Cutlrbcrtus,
835 1252 926 1340 quasi
950 1276 984 1315 m
1008 1254 1123 1339 specie
1149 1254 1309 1341 corporali,

156 1339 303 1403 omnibns
316 1340 445 1403 risibilis
461 1354 493 1403 et
507 1340 672 1425 palpabilis
688 1339 845 1425 apparuit,
862 1352 896 1404 et
912 1338 946 1401 in
961 1342 1063 1424 prora
1077 1342 1189 1421 navis,
1205 1344 1311 1429 guber-

154 1427 275 1491 natoris
291 1426 331 1489 de
347 1449 448 1503 more,
467 1427 598 1490 resedit.
646 1428 725 1491 Erat
741 1425 934 1490 indumentis
950 1426 1203 1511 pontificalibus
1220 1428 1311 1493 omni·

155 1512 259 1575 modis
274 1512 451 1589 redimitus,
465 1528 498 1577 et
514 1513 607 1577 tnitrrl
622 1514 654 1577 in
669 1514 781 1599 capitis
792 1512 910 1576 vertice
921 1512 1106 1579 laureatus.
1158 1516 1259 1581 Tanti
1277 1536 1312 1579 ne

157 1600 282 1665 dccoris
298 1600 481 1683 pulcritudo
497 1600 528 1663 in
545 1624 585 1663 eo
600 1600 747 1686 apparuit
763 1612 883 1687 quanta
896 1620 1067 1686 nunquam
1082 1602 1131 1667 ab
1147 1601 1251 1667 oculis

156 1686 277 1750 tninum
295 1686 361 1749 visa
383 1686 456 1749 suit.
502 1688 546 1750 At
573 1687 692 1751 Beatus
719 1688 929 1763 Cutltbertus,
952 1687 1076 1751 baculo
1117 1690 1264 1770 astomli,
1278 1688 1314 1753 da

157 1795 246 1837 more
262 1774 482 1857 gubernaculi,
500 1785 634 1857 pontum
646 1773 831 1839 saevientem
854 1771 995 1837 secando
1010 1772 1081 1839 divi
1106 1776 1203 1855 ebat,
1220 1790 1315 1841 etna·

159 1860 223 1923 vim
246 1860 423 1945 pennigero
439 1860 547 1923 volatu
564 1884 659 1945 super
675 1883 806 1947 aquora
820 1859 1002 1944 spumantia
1015 1873 1053 1925 et
1068 1862 1247 1929 saevientia
1259 1862 1315 1927 dis·

158 1970 287 2010 currere
304 1946 452 2009 faciebat.
503 1948 666 2047 llrantqne
682 1946 727 2011 eis
750 1948 865 2010 fluctus
888 1946 1087 2033 quandoque
1103 1948 1215 2015 instar
1233 1970 1315 2013 mon·

159 2034 238 2097 tium
261 2034 471 2115 insurgentes,
488 2056 508 2097 a
522 2034 644 2097 dextris
659 2046 693 2098 et
708 2033 858 2107 sinistris3
882 2032 970 2095 naris
986 2045 1100 2099 tamen
1116 2056 1316 2124 nunqnama

160 2120 274 2184 semitrl
286 2120 446 2197 deviabat,
463 2119 528 2183 sive
538 2121 694 2184 retardari
728 2120 823 2197 otuit,
837 2120 877 2184 ab
888 2118 1038 2183 inchoata
1049 2122 1160 2187 semel
1170 2122 1317 2188 festinan·

161 2206 207 2270 titt
221 2208 270 2269 sui
293 2207 506 2291 prosequendi
530 2206 661 2271 itineris.
706 2142 948 2293 bonnunquam
974 2206 1076 2269 etiarn
1099 2207 1136 2272 in
1161 2210 1318 2275 anteriora

160 2306 268 2357 tumor
283 2316 436 2379 aquarum
452 2293 540 2378 quasi
565 2316 673 2357 murus
689 2294 720 2355 in
736 2316 812 2357 aera
833 2305 1001 2377 porrectus
1016 2292 1064 2357 eis
1080 2294 1262 2361 videbatur
1274 2318 1318 2360 re·

161 2380 294 2445 nitendo
329 2380 494 2455 obsistere,
520 2403 711 2467 omnemque
735 2378 961 2465 progrediendi
980 2378 1108 2444 aditum
1132 2382 1316 2469 denegare;

161 2468 276 2554 quibus
299 2466 499 2530 demittendo
522 2467 657 2543 detritis,
681 2468 779 2531 ruodo
805 2464 960 2530 consimili
985 2464 1020 2529 in
1038 2468 1230 2551 posteriora
1251 2490 1318 2535 eum

162 2576 281 2638 magno
298 2553 424 2637 fragore
436 2554 665 2617 debacchando
680 2554 855 2637 insurgere.
896 2552 993 2616 Forte
1009 2552 1147 2639 quidem
1163 2554 1318 2641 indignari

162 2640 355 2703 videbantur
381 2662 535 2726 aquarum
562 2640 672 2717 moles,
697 2653 731 2704 et
757 2640 888 2704 marinae
915 2638 1132 2704 inclementiae
1163 2642 1317 2721 turbines,

164 2726 252 2811 quod
270 2726 490 2790 exhauriendo
511 2727 670 2810 deglutire
694 2750 758 2790 non
780 2738 930 2812 poterant
953 2725 1102 2789 avariciae
1125 2730 1273 2809 vascula,
1289 2741 1319 2795 ct

164 2813 284 2877 animas
306 2813 501 2897 pessundare
524 2814 728 2898 peccatrices.
777 2814 898 2877 Beatus
914 2812 1076 2876 interdurn
1103 2814 1317 2893 Cuthbertus,

164 2900 408 2985 animaequiores
424 2923 478 2963 eos
494 2900 647 2984 praecepit
663 2900 814 2978 existere,
829 2915 862 2963 et
877 2898 974 2963 nichil
990 2898 1122 2963 omnino
1136 2900 1319 2967 haesitando

164 2986 390 3071 pertimescere
404 3009 413 3060 ;
428 2996 450 3026 “
459 2986 1101 3074 Cutlrbertum,”inquiens,quivobiscum
1112 2990 1265 3065 est,nulli
1275 2988 1319 3053 in·

165 3072 344 3160 quietudini
367 3074 555 3156 perturbare
579 3074 728 3158 possibile
744 3086 814 3138 est:
838 3096 898 3137 nec
915 3095 970 3136 vos
986 3072 1116 3137 deseret
1142 3074 1319 3141 Cuthberti

164 3159 336 3245 praesentia
357 3182 453 3246 quem
477 3160 656 3237 invocastis,
680 3160 740 3221 nisi
762 3160 860 3245 prius,
878 3160 974 3243 ipsius
993 3171 1102 3223 nautae
1124 3159 1318 3240 ministerio,

165 3248 207 3312 ad
223 3246 332 3311 salutis
343 3259 473 3330 portum
485 3245 574 3309 illaesi
585 3247 802 3331 pertingatis?
852 3246 955 3330 lgitur
967 3246 1170 3310 venerandus
1186 3248 1321 3313 confes

166 3357 219 3398 sor
242 3335 280 3398 eft
295 3333 447 3397 facilitate
469 3334 585 3396 baculo
608 3334 760 3417 pastorali
782 3335 938 3397 fluctuum
961 3332 1204 3418 implicamenta
1224 3334 1322 3401 disse·

167 3422 271 3485 cando
290 3419 396 3483 divisit
415 3418 478 3506 quft
497 3434 529 3483 et
549 3420 693 3483 cordium
712 3434 894 3484 nostrorum
913 3419 1147 3503 cogitationum
1166 3422 1322 3487 amaritu-

168 3508 258 3573 dines
285 3520 451 3570 conterere
478 3519 512 3569 et
538 3507 667 3570 abolere
698 3508 873 3570 consuevit.
921 3506 993 3570 Nec
1022 3505 1142 3571 mirum
1170 3506 1201 3571 si
1225 3508 1322 3593 ipsius

167 3595 274 3659 baculi
296 3592 450 3677 regimine
472 3593 603 3656 marinae
627 3593 860 3679 inquietudines
884 3593 1139 3675 confringuntur,
1155 3593 1221 3658 sub
1232 3596 1323 3681 cujus

167 3682 293 3746 dicione
310 3693 343 3744 et
355 3680 473 3744 virtute
488 3680 643 3764 potentian
658 3680 855 3743 inlernorutn
871 3694 904 3744 et
920 3679 1118 3743 terrestrium
1133 3678 1324 3747 altitudines

169 3769 306 3832 subditae
329 3767 562 3851 deprimuntur.
612 3767 731 3843 Omnes
753 3767 871 3853 itaque,
888 3766 990 3854 quiin
1004 3765 1078 3829 nari
1094 3768 1324 3849 consederant,

174 3855 312 3920 Beatum
331 3854 548 3919 Cuthbertum
564 3854 654 3939 quasi
669 3853 774 3937 specie
790 3853 947 3938 corporali
964 3875 1077 3916 narem
1090 3852 1131 3916 de
1147 3876 1244 3919 more
1266 3878 1326 3957 gu-

170 3942 348 4006 bernatoris
373 3953 539 4023 regentem
563 3954 808 4024 conspexerant,
834 3953 867 4003 et
895 3941 1009 4003 iccirco
1025 3939 1211 4026 quicunque
1235 3945 1326 4027 prru‘s

171 4029 261 4112 quasi
277 4027 453 4112 expirando
466 4027 661 4103 defecerant,
670 4029 737 4112 jam
747 4027 849 4111 hylari
862 4028 967 4090 animo
980 4025 1228 4111 animaequiores
1241 4028 1328 4095 exis-

172 4115 295 4191 tebant,
313 4133 346 4177 et
361 4114 539 4177 adinvicem
554 4115 732 4198 loquentes
754 4114 890 4176 Ileatum
910 4114 1126 4177 Cuthbertum
1140 4113 1278 4181 nutibus
1292 4130 1328 4183 et

175 4198 328 4264 indicibus
344 4212 377 4265 et
389 4222 615 4286 nonnunquam
631 4201 829 4264 sermonibus
846 4200 991 4263 alterutri
1014 4199 1122 4262 lateris
1137 4202 1245 4267 socios
1260 4226 1329 4271 res-

175 4285 281 4368 picere
306 4288 563 4351 commonebant.
614 4285 722 4349 Neruo
749 4300 856 4349 tamen
882 4284 1058 4350 dulcedinis
1085 4285 1184 4370 ipsius
1206 4288 1329 4357 faciem

175 4372 468 4459 contemplantium,
487 4386 519 4437 et
535 4396 602 4458 proe
618 4371 774 4437 suavitate
791 4372 886 4436 nimilt
902 4372 1207 4457 congratulantium,
1224 4376 1329 4445 inter.
