2924 4966
160 348 230 413 100
506 362 717 415 rescissum
746 362 940 415 uouucffl

156 527 314 613 ‹pituulmn
338 526 403 611 pati
421 528 599 607 videbatur,
615 528 689 615 quia
702 548 800 614 quam
815 524 973 591 citissime
990 528 1039 593 ad
1064 539 1181 593 votum
1195 526 1305 591 minimi

155 614 300 679 exaudiri
314 615 491 679 videbatur.
526 616 590 681 Sed
602 618 670 701 pius
687 614 863 681 Conlessor
875 615 963 679 illius
979 616 1166 681 sanitatem
1178 616 1305 679 coulerre

156 703 279 767 distulit
301 704 376 789 quia
398 704 537 769 liutassis
565 704 660 789 ipsius
688 702 793 766 miseri
820 703 991 788 languoris
1021 718 1060 769 et
1091 701 1305 769 contractionis

156 794 262 875 plures
271 806 520 855 contreetatores
530 807 561 856 et
576 808 673 857 testes
683 790 838 855 adbibere
848 791 1014 870 voluit,ut
1025 792 1111 856 dum
1120 814 1230 857 coram
1239 790 1306 854 mul·

157 896 261 942 torum
282 880 446 943 obtutibus
463 880 505 942 illi
526 880 596 965 opis
614 878 726 943 subita
748 879 947 943 beneficium
962 880 1178 957 contulisset,
1194 880 1304 943 illorum

157 968 277 1029 auiums
292 966 333 1031 ad
353 967 413 1030 liei
429 967 563 1051 gloriam
578 966 795 1042 enarrandam,
814 980 848 1030 et
864 990 1006 1052 operum
1027 968 1131 1033 Beati
1146 965 1303 1033 Cutbberti

156 1055 330 1137 potentiam
347 1054 580 1139 pru=dieaudtun
597 1056 689 1119 ultius
704 1068 737 1117 et
751 1054 887 1119 alacrius
903 1055 1074 1120 incitaret.
1126 1056 1213 1121 Cum
1226 1078 1302 1141 ergo,

157 1157 299 1225 tempore
323 1142 541 1226 processionis,
563 1144 698 1220 Fratres,
715 1142 882 1229 clerusque
898 1156 933 1207 et
956 1144 1106 1229 populus
1130 1144 1253 1209 exitum
1265 1142 1302 1205 fa·

157 1244 277 1306 eereut,
289 1229 340 1293 ille
356 1231 516 1294 secretarii
532 1232 694 1316 eujusdam
711 1229 846 1315 pedibus
860 1230 1077 1316 provolvens,
1094 1242 1118 1272 ‘⁴
1129 1232 1202 1297 eia”
1216 1229 1303 1317 inquit

157 1317 216 1379 “iu
228 1320 346 1403 ‹piauttl
360 1318 462 1401 gloria
477 1334 510 1382 et
526 1319 620 1383 laude
638 1320 743 1383 Deum
759 1316 791 1379 in
810 1318 916 1381 Beato
934 1319 1131 1384 Cutbberto
1147 1318 1300 1394 extollitis,

155 1420 188 1468 et
204 1405 279 1468 milii
304 1405 428 1481 misero,
446 1406 520 1491 quia
535 1406 676 1491 indiguo,
693 1406 778 1491 apud
803 1406 959 1469 Sanctum
978 1408 1219 1472 confessorem
1238 1406 1301 1471 sub·

156 1493 262 1557 venire
280 1516 341 1555 uuu
355 1494 478 1556 vultis.’'
527 1494 591 1567 Qui
608 1495 689 1557 illius
701 1492 834 1557 miseriae
850 1494 1079 1579 compassione
1095 1495 1217 1561 ductus
1233 1504 1301 1558 “ac-

154 1582 276 1645 eelera'’
294 1580 393 1667 iuquit
412 1582 515 1645 “dum
530 1604 597 1665 prae
618 1584 711 1646 turlsl
730 1580 787 1645 tibi
803 1581 976 1659 vacaverit,
994 1596 1029 1646 et
1045 1585 1138 1647 circa
1154 1582 1298 1657 tumbam,

152 1691 225 1753 qma
242 1668 323 1731 iusra
333 1670 503 1733 claustrum
516 1684 575 1746 est,
587 1669 744 1746 devotius,
755 1691 879 1747 corrue,
889 1671 967 1757 quia
978 1669 1021 1733 de
1032 1693 1078 1735 eo
1094 1672 1172 1735 loco
1186 1690 1300 1735 sacrum

154 1780 268 1841 eorpus
288 1756 382 1840 ipsius
405 1757 500 1821 bodie
521 1758 664 1822 delatum
681 1758 794 1834 fuerat,
817 1755 926 1843 ibique
941 1780 1040 1846 quam
1064 1759 1166 1843 plura
1181 1758 1300 1823 morbo-

155 1868 223 1906 rum
246 1867 365 1927 garrera
388 1844 482 1928 ipsius
498 1845 668 1910 clementia
688 1845 829 1909 relevare
851 1843 947 1909 solita
968 1847 1072 1911 erat.'’
1125 1846 1195 1921 Qui
1211 1846 1299 1931 juxta

154 1932 383 2006 difficultatem,
398 1933 460 2018 quit
475 1932 590 2017 potuit,
605 1933 703 2018 ipsam
718 1932 873 2018 reptando
889 1932 1048 2010 circuivit,
1060 1934 1249 2021 iteratoque
1263 1932 1299 1999 ud

153 2020 296 2083 ecclesia
311 2019 527 2105 pavimentum
543 2021 719 2105 repedavit,
736 2020 810 2120 quia
824 2021 991 2084 turbarum
1006 2044 1212 2121 compressas
1225 2021 1299 2085 mul⁴

154 2108 305 2172 titudiues
321 2130 427 2171 coram
451 2109 597 2193 sepulcro
623 2132 787 2193 pervenire
812 2109 989 2173 contendit.
1038 2108 1147 2193 Igitur
1170 2106 1299 2175 dumeti

154 2195 256 2258 missia
269 2195 433 2260 introitum
448 2196 562 2259 chorus
577 2196 716 2261 officium
730 2196 852 2260 canoris
867 2196 1001 2261 vocibus
1019 2210 1226 2281 personaret,
1241 2220 1299 2261 coe·

152 2283 199 2368 pit
222 2284 327 2348 subito
350 2296 489 2368 aegrotus
512 2283 545 2347 iu
567 2284 680 2348 mediis
703 2284 803 2349 turbis
826 2284 1003 2348 volutando
1026 2284 1140 2363 rotari,
1161 2283 1297 2373 querulis

153 2371 297 2435 dentium
319 2371 505 2435 stridoribus
528 2374 651 2456 agitari,
668 2396 751 2436 nunc
774 2373 922 2457 explosus
945 2372 987 2435 ad
1009 2370 1238 2457 pavimentum
1251 2395 1298 2437 ec-

152 2460 257 2523 clesiae
273 2460 398 2537 collabi,
415 2483 499 2523 nunc
515 2460 638 2523 videres
653 2460 849 2545 praecipitem
862 2482 946 2523 nunc
960 2458 1158 2524 renitentem
1173 2474 1210 2525 et
1224 2460 1299 2525 invi-

154 2560 221 2611 tum
237 2572 278 2611 ex
294 2549 427 2611 adverso
450 2548 656 2612 diverberari.
706 2550 756 2612 Ita
777 2547 896 2612 etenim
910 2548 1105 2634 quandoque
1128 2548 1216 2613 illius
1231 2547 1298 2613 stri·

153 2636 220 2699 duli
236 2636 388 2701 clamores
403 2636 584 2699 canentium
602 2634 779 2721 repressbre
801 2635 1036 2701 modulationes
1058 2648 1096 2699 ut
1124 2636 1297 2701 tumultum

153 2725 239 2808 vulgi
251 2747 315 2787 non
325 2737 497 2788 concentus
509 2724 585 2787 cleri
596 2726 654 2788 sub
670 2723 772 2788 choris
782 2722 1010 2787 alternantibus
1025 2736 1159 2811 putares
1174 2724 1297 2810 agitari.

154 2810 237 2874 Mox
252 2814 335 2876 servi
350 2811 492 2876 ecclesiae
507 2825 611 2877 certos
626 2812 781 2896 evagandi
796 2811 910 2875 limites
925 2810 1097 2895 aegrotauti
1114 2812 1296 2899 praefixire,

152 2912 185 2962 et
210 2900 350 2964 trabibus
366 2914 399 2963 ct
417 2899 549 2963 diversis
571 2898 729 2983 lignorum
752 2898 977 2963 munitionibus
999 2898 1107 2963 aditus
1130 2901 1298 2965 turbarum

150 2988 426 3072 comprimentium
453 3000 486 3051 et
516 3000 628 3051 mutuo
657 2987 896 3072 reprimentium
924 2985 1107 3071 propulire.
1165 2988 1296 3055 Sortitus

153 3075 250 3159 igitur
264 3075 360 3160 ipsius
376 3074 511 3160 ejulatlis
527 3075 771 3162 circumquaque
786 3074 887 3140 audiri
908 3086 1070 3160 poterant,
1086 3098 1220 3141 ossuum
1234 3076 1297 3141 dis-

153 3163 325 3227 silientium
340 3163 479 3248 crepitus
500 3163 593 3227 latius
608 3165 860 3248 perstrepebant,
871 3183 1044 3227 nervorum
1058 3164 1296 3229 contractiones

153 3250 277 3335 lougius
293 3251 444 3336 paulatim
459 3275 527 3315 sese
544 3250 679 3315 vicissim
694 3252 939 3336 protendebant,
953 3272 1172 3338 venarumque
1181 3250 1296 3317 inflex-

154 3339 240 3403 iones
260 3362 317 3424 per
332 3338 552 3421 diversitatum
567 3361 601 3403 se
614 3338 695 3402 vires
710 3339 840 3403 solidius
855 3338 1060 3402 roborabant.
1109 3339 1296 3405 Calcaneia

153 3428 277 3491 uatibus
300 3426 445 3504 dissilire,
469 3427 567 3512 pedes
590 3426 710 3490 incurvi
732 3425 915 3491 rectitudini
937 3424 1121 3504 convenire,
1145 3426 1296 3493 tibiarum

154 3515 367 3593 tortitudines
379 3538 450 3602 quae
466 3514 498 3577 iu
513 3516 644 3579 modum
658 3514 789 3578 funiculi
804 3513 967 3578 tornatiles
976 3513 1181 3599 videbantur,
1198 3515 1231 3579 in
1244 3538 1296 3580 re-

152 3603 295 3685 gularem
310 3603 426 3666 lineam
445 3627 478 3666 se
498 3603 646 3689 dirigere,
664 3625 770 3666 coram
789 3602 909 3666 cunctis
931 3600 1158 3665 contuentibus
1179 3614 1215 3668 et
1234 3602 1294 3667 mi-

153 3691 294 3755 rantibus
317 3690 519 3775 incipiebant.
577 3693 661 3756 Caro
684 3690 822 3768 iuterim,
847 3713 920 3777 quae
942 3711 1024 3773 vaga
1050 3689 1194 3776 undique
1223 3702 1293 3755 erat

152 3792 227 3842 ame
245 3791 278 3842 et
301 3778 411 3855 reflua,
428 3778 461 3841 in
483 3777 674 3843 maturitatis
696 3778 863 3864 planiciem
886 3776 1083 3862 respirabat;
1106 3775 1292 3843 deformitas

152 3868 302 3931 tuberosa
323 3866 354 3928 iu
377 3891 411 3929 se
434 3867 502 3951 ipsa
523 3867 673 3930 deficiens
695 3868 897 3942 confluebat3
920 3863 1086 3929 dedecoris
1116 3864 1293 3929 informitas

153 3975 244 4018 uovae
267 3967 390 4018 naturoe
406 3954 554 4039 speciem,
571 3967 714 4018 venustae
733 3953 893 4041 qualitatis
916 3950 1164 4038 pulcritudinem
1179 3952 1292 4017 immu-

152 4043 252 4106 tando
274 4041 456 4106 innovabat.
505 4042 643 4106 Ossuum
658 4042 801 4107 defectus
823 4042 948 4127 gressiis
971 4038 1158 4125 sospitatem
1172 4039 1292 4106 stabili-

153 4129 237 4191 endo
259 4128 404 4206 fundare,
424 4143 511 4193 artus
534 4129 701 4194 soliditatis
724 4130 851 4215 propria
872 4127 1047 4215 percipere,
1064 4127 1191 4193 articuli
1213 4150 1290 4193 vero

153 4216 271 4297 pedum
286 4215 505 4300 proemiuentia
516 4216 707 4302 incipiebant
722 4218 784 4282 levi
807 4217 927 4281 inflexu
942 4228 975 4279 et
997 4216 1121 4280 reflexu
1135 4216 1290 4281 constrin-

153 4303 258 4381 gendo
274 4325 455 4387 perornare.
497 4304 629 4387 Singula
642 4307 857 4369 membrorum
867 4302 1011 4369 naturale
1026 4302 1121 4366 officii
1136 4302 1186 4368 sui
1200 4302 1290 4367 debi-

154 4402 221 4453 tum
244 4389 438 4467 induebaut3
461 4391 640 4475 plantarum
662 4392 823 4477 planicies,
847 4407 881 4459 et
902 4413 1041 4479 genuum
1063 4390 1291 4457 inconveniens
