2924 4966
163 362 213 439 62
527 387 745 437 nacturum
766 386 951 437 uoracur

159 548 226 613 avis
242 561 426 612 commestae
441 568 515 613 cum
530 548 652 613 ossibus
667 549 789 614 cunctis
805 549 838 613 in
852 571 953 613 unum
971 546 1151 614 convolutis
1167 571 1245 614 cum
1261 551 1320 615 ad-

159 636 306 699 mirando
322 649 452 720 stupore
471 636 673 719 respiciebat.
723 636 806 710 Quae
825 636 972 701 manibus
992 648 1208 715 contrectans,
1222 651 1259 701 et
1275 639 1319 703 de

163 723 256 787 Beati
277 722 449 787 Cuthberti
464 723 574 786 avibus
590 746 630 787 ea
643 723 740 787 fuisse
760 723 974 800 considerans,
995 722 1104 787 statim
1122 723 1166 787 ad
1187 724 1318 809 Leving

158 832 285 873 servum
301 832 405 886 sunm,
417 809 472 896 qui
487 810 572 872 solus
588 810 621 872 in
640 810 747 873 Insula
761 822 969 886 remanserat,
987 809 1134 888 recurrit,
1147 823 1184 873 et
1204 825 1316 875 utrum

157 897 314 983 quispiam
329 896 492 980 hospitum
506 896 749 981 peregrinorum
765 896 820 960 illo
835 896 1028 973 advenisset,
1046 896 1125 959 dum
1138 896 1217 961 foris
1236 897 1316 961 fuis-

157 996 217 1062 set,
241 982 423 1069 exquisivit.
472 985 515 1047 At
542 982 606 1060 ille,
629 983 789 1047 neminem
816 1006 874 1067 per
900 995 1007 1047 totum
1032 982 1130 1066 ipsius
1158 985 1313 1069 temporis

156 1073 295 1155 spatium
315 1071 389 1133 illuc
405 1069 538 1134 intrasse
554 1070 707 1144 asseruit;
730 1092 790 1134 nec
816 1093 850 1134 se
877 1070 975 1133 alium
1000 1069 1168 1133 hominum
1195 1071 1313 1136 vidisse

157 1158 231 1234 illic,
253 1180 326 1220 cum
349 1156 564 1233 sacramentis,
582 1156 762 1220 affirmavit.
815 1157 859 1220 At
874 1157 951 1232 ille3
981 1156 1069 1220 “De
1084 1156 1198 1221 avibus
1214 1158 1313 1242 igitur

156 1244 301 1331 nunquid
320 1243 414 1308 Beati
430 1244 601 1307 Cuthberti
616 1242 827 1321 commedisti,
841 1256 875 1307 et
890 1244 959 1327 ejus
974 1256 1148 1328 praecepta
1159 1234 1312 1309 violarido

157 1346 315 1395 temerare
342 1329 571 1415 praesumpsisti
582 1332 618 1394 ?'’
667 1330 787 1394 Beatus
813 1331 934 1393 etenim
964 1330 1175 1407 Cuthbertus,
1205 1332 1312 1396 adhuc

157 1417 277 1494 vivens,
295 1417 405 1481 avibus
421 1417 480 1478 illis
496 1417 620 1480 firmam
635 1439 748 1501 pacem
763 1430 796 1480 et
811 1416 954 1502 quietem
966 1416 998 1479 in
1012 1416 1157 1501 patribus
1173 1419 1240 1481 suis
1255 1418 1313 1484 de-

156 1505 299 1582 derat,et
312 1502 428 1567 nemini
439 1526 492 1566 eas
504 1503 701 1587 contingere,
713 1504 917 1587 perdere,vel
928 1504 1087 1580 occidere,
1105 1503 1156 1567 vel
1175 1504 1253 1568 mali
1264 1505 1312 1568 in-

155 1591 273 1655 stinctu
285 1591 404 1654 laedere
419 1590 637 1674 permittebat.
686 1590 785 1663 Quod
797 1590 882 1653 enim
892 1590 1035 1676 patribus
1047 1590 1154 1653 avium
1171 1590 1312 1678 antiqui·

157 1694 207 1742 tus
224 1679 368 1755 dederat,
381 1677 443 1740 hoc
453 1677 494 1740 de
504 1677 629 1740 illarum
639 1699 757 1760 genere
767 1677 860 1761 pullis
871 1676 1075 1761 procreandis
1087 1689 1121 1740 et
1130 1676 1205 1740 filiis
1216 1679 1311 1743 here-

156 1765 271 1831 ditarie
294 1765 326 1827 in
348 1764 433 1848 pacis
456 1764 558 1848 gloria
580 1777 613 1828 et
636 1763 863 1827 misericordiae
886 1763 1032 1826 custodia
1046 1763 1212 1848 perpetuis
1227 1778 1311 1829 tem-

155 1851 286 1936 poribus
302 1851 520 1914 conservando
535 1852 719 1934 praestabat.
768 1850 810 1913 Et
833 1849 949 1914 iccirco
971 1850 1013 1913 ad
1037 1850 1164 1934 Leving
1179 1874 1310 1916 servum

155 1961 259 2015 suum,
277 1937 332 2024 qui
356 1938 402 2000 ita
425 1939 606 2001 nominatus
632 1937 749 2013 fuerat,
767 1937 813 2000 ita
831 1937 969 2001 dicebat.
1018 1938 1062 2000 At
1086 1937 1140 2000 ille
1155 1939 1309 2022 negando

156 2025 296 2101 erubuit,
308 2037 342 2087 et
354 2025 499 2088 confiteri
511 2023 676 2087 audaciam
690 2046 755 2086 non
768 2023 899 2086 invenit.
927 2022 1041 2087 Statim
1057 2024 1218 2088 heremita
1233 2048 1309 2089 eum

149 2113 187 2174 -in
202 2111 369 2176 ecclesiam
384 2111 572 2195 perducens,
589 2111 712 2195 plumas
728 2124 761 2173 et
777 2133 848 2174 ossa
862 2133 936 2173 cum
959 2109 1069 2173 rostris
1096 2124 1130 2174 et
1145 2112 1308 2195 unguibus

155 2200 185 2262 ei
212 2198 373 2273 ostendit;
396 2197 492 2274 unde,
511 2197 715 2261 tremefactus
742 2197 806 2274 ille,
823 2220 901 2260 mox
926 2197 968 2260 ad
994 2196 1093 2281 pedes
1116 2196 1308 2284 inquirentis

156 2285 305 2361 concidit,
323 2298 356 2349 et
371 2284 523 2382 quicquid
538 2285 570 2346 in
587 2285 740 2348 Sanctum
760 2284 975 2348 Cuthbertum
990 2283 1208 2383 delinquendo
1219 2308 1309 2349 com-

154 2373 294 2448 miserat,
313 2372 342 2436 ei
365 2371 505 2434 seriatim
528 2371 650 2455 plenius
671 2370 834 2434 indicavit.
884 2370 987 2454 Super
1008 2393 1116 2434 omnia
1139 2384 1250 2436 tamen
1273 2394 1309 2437 se

154 2459 304 2523 admirari
319 2458 402 2521 dixit
417 2470 451 2521 et
466 2459 702 2542 obstupescere,
719 2457 882 2543 quomodo
904 2457 1023 2540 plumae
1040 2456 1104 2521 illae
1127 2471 1161 2522 et
1184 2482 1260 2523 ossa
1274 2459 1308 2535 in

155 2569 254 2610 unum
275 2547 410 2609 collecta
432 2544 649 2621 convenerint,
668 2559 712 2620 et,
729 2544 861 2607 diversis
886 2543 1028 2627 dispersa
1051 2543 1085 2607 in
1107 2544 1198 2622 locis,
1220 2568 1308 2611 nunc

155 2633 306 2717 colligata
320 2631 473 2696 redierint
486 2655 494 2707 ;
519 2644 552 2694 et
567 2654 665 2717 quare
681 2653 841 2716 aequoreae
857 2630 953 2693 undae
968 2653 1026 2715 per
1042 2630 1114 2697 dies¹
1125 2630 1307 2717 quindenos

155 2743 195 2784 ea
209 2720 372 2783 inabsorta
386 2718 573 2782 dimiserint.
604 2718 658 2794 Et,
675 2741 710 2781 re
726 2719 812 2794 vera,
828 2739 917 2780 mare
932 2715 999 2781 avis
1018 2717 1113 2782 Beati
1130 2719 1307 2784 Cuthberti
1332 2727 1335 2731 ’

154 2806 304 2893 reliquias
327 2828 392 2868 non
417 2806 619 2890 praesumpsit
642 2804 827 2868 devorando
850 2804 1058 2882 abscondere,
1078 2805 1168 2889 cujus
1192 2827 1307 2871 carnes

154 2893 253 2956 homo
266 2892 451 2956 temerarius
464 2914 528 2954 non
541 2892 646 2955 timuit
658 2891 892 2954 commedendo
904 2889 1074 2974 deglutire.
1123 2890 1194 2956 Nec
1210 2892 1308 2957 dubi·

156 2980 290 3044 tandum
306 2979 384 3065 quin
400 2978 493 3042 Beati
508 2977 679 3043 Cuthberti
694 2976 818 3040 virtutis
828 2999 940 3039 manus
952 2977 1022 3040 haec
1034 2977 1143 3040 omnia
1157 2976 1191 3040 in
1202 2985 1306 3043 unum

155 3067 332 3150 collegerit,
350 3078 394 3142 et,
411 3066 452 3128 ad
473 3064 661 3128 temeritatis
684 3063 765 3127 servi
784 3063 868 3127 illius
888 3064 1172 3148 praesumptionem
1195 3065 1307 3131 decla·

154 3153 288 3216 randam
304 3165 338 3215 et
353 3174 473 3215 noxam
499 3150 726 3234 detegendam,
748 3150 818 3213 haec
841 3151 874 3212 in
898 3150 1032 3213 ecclesia
1045 3151 1102 3214 sna
1116 3151 1304 3235 projecerit.

157 3239 326 3304 Heremita
344 3239 447 3302 Beato
466 3237 650 3303 Confessori
665 3237 848 3300 innumeras
863 3249 969 3320 grates
985 3237 1133 3314 exsolvit,
1150 3251 1184 3301 et
1199 3238 1305 3303 famu-

154 3326 231 3404 lum,
260 3326 366 3410 flagris
393 3348 512 3388 caesum
534 3323 641 3388 multis
668 3322 781 3387 diebus
796 3323 830 3386 in
846 3323 1040 3387 abstinentia
1058 3337 1091 3388 et
1110 3323 1304 3408 penitudine

157 3414 261 3477 Beato
279 3412 460 3476 Cuthberto
475 3411 656 3474 satisfacere
671 3409 759 3474 fecit.
807 3410 899 3473 Mare
914 3410 1012 3494 igitur
1029 3409 1134 3474 reatui
1156 3410 1191 3474 in
1218 3412 1305 3477 Bea-

152 3513 222 3563 tum
241 3498 457 3563 Cuthbertum
472 3498 639 3560 commisso
665 3496 854 3581 participare
880 3496 998 3574 renuit,
1016 3496 1103 3582 quod
1128 3497 1227 3561 h'omo
1253 3499 1305 3563 in-

151 3585 307 3650 sensibilis
333 3584 530 3670 perficiendo
557 3606 778 3648 consummare
802 3605 869 3646 non
895 3583 1034 3647 erubuit.
1086 3583 1150 3647 Hic
1179 3583 1304 3650 Beatus

155 3673 353 3737 Cuthbertus
376 3672 456 3735 illud
482 3671 574 3735 Beati
600 3670 727 3734 Nicolai
747 3669 933 3734 admirabile
949 3670 1130 3755 prodigium
1146 3682 1194 3734 est
1210 3694 1305 3737 secu-

150 3772 224 3835 tus3
247 3759 304 3823 ubi
324 3760 479 3842 juvenem
505 3758 539 3821 in
565 3780 652 3821 mare
677 3757 858 3821 demersum
882 3759 916 3819 in
942 3755 1108 3820 ecclesiam
1133 3779 1225 3821 suam
1250 3781 1305 3824 re-

151 3846 267 3921 duxit3
295 3859 328 3910 et
354 3868 427 3931 quae
453 3868 541 3908 mare
572 3867 638 3907 non
668 3855 914 3928 praesumpserat
943 3845 1126 3920 absorbere,
1162 3842 1304 3911 Sanetus

155 3933 366 4009 Cuthbertus
384 3932 477 3995 Beati
485 3930 766 4015 Nicholaitipo,ad
775 3929 919 3993 ecclesiae
935 3953 1001 3993 suae
1013 3930 1122 3994 limina
1131 3931 1305 3997 nondesti-

151 4019 191 4082 tit
209 4019 393 4083 revocando
408 4019 576 4082 restinere.
625 4019 710 4082 Aves
729 4017 792 4080 illae
811 4015 905 4080 Beati
928 4016 1100 4081 Cuthberti
1118 4017 1305 4101 specialiter

150 4105 377 4181 nominantur3
401 4106 442 4168 ab
466 4106 567 4188 anglis
595 4127 673 4168 vero
699 4104 817 4167 Lomes
844 4117 1023 4179 vocantur,
1046 4106 1087 4168 ab
1115 4104 1304 4174 Saxonibus

151 4204 259 4254 autem
276 4192 380 4277 etqui
398 4192 531 4255 Frisium
542 4192 688 4254 incolunt
704 4190 795 4253 Eires
811 4190 973 4254 dicuntur.
1021 4191 1094 4255 Hoc
1109 4190 1305 4260 miraculum

151 4276 236 4339 idem
259 4278 422 4363 Levingus
438 4278 575 4363 predicti
592 4277 718 4341 AEilrici
732 4276 880 4354 famulus,
898 4277 953 4363 qui
975 4277 1037 4341 hoc
1060 4301 1140 4362 opus
1162 4277 1301 4360 fecerat,

125 4438 128 4444 Ι
150 4362 251 4440 nobis,
264 4377 297 4428 et
306 4364 366 4428 hiis
375 4365 430 4452 qui
443 4364 606 4430 nobishoc
616 4363 779 4440 dixerunt,
793 4386 858 4428 non
871 4364 970 4427 semel
982 4366 1112 4440 retulit;
1129 4365 1183 4450 qui
1192 4366 1304 4435 adhuc
