2924 4966
428 401 609 452 nunaunt.
639 401 842 465 arsatius,
869 403 954 452 nrc.
1238 387 1262 450 3

120 563 291 628 Cuthberti
314 564 472 648 magnalia
495 564 601 648 potius
622 564 776 648 elegimus
794 563 985 628 balbutienti
1006 564 1114 647 linguis
1135 563 1260 640 efferre,

114 674 221 736 quam,
236 651 375 735 torpenti
391 651 494 715 cordis
507 651 630 728 inertie,
645 674 717 736 quae
728 673 804 714 vera
815 650 959 714 novimus
975 650 1129 715 reticente
1145 651 1263 714 labello

114 738 311 822 supprimere
337 786 344 800 .
376 738 596 824 Volumusque
619 737 725 822 potius
751 737 797 800 illi
823 737 877 801 vili
903 738 1061 825 mancipio
1088 738 1260 817 deservire,

114 847 211 910 quam
230 824 371 888 cultioris
392 826 451 888 sub
471 824 618 909 tegminis
638 824 822 888 umbracula
837 826 923 888 bona
938 825 1044 888 omnia
1062 823 1227 909 praeterire
1253 873 1261 888 .

117 911 212 988 Nam,
238 923 271 974 et
293 911 425 975 rudibus
453 924 486 975 et
512 911 688 987 rusticanis,
713 913 782 975 haec
803 910 934 975 indocta
957 912 1085 997 eloquia
1110 924 1263 996 poterunt

114 998 260 1062 conferre
273 998 422 1074 subsidia,
437 1011 471 1062 et
486 998 632 1062 utilitatis
648 998 780 1082 alicujus
793 998 950 1082 parturire
966 998 1138 1083 remedia.
1163 997 1262 1063 Docti

114 1107 191 1161 vero
207 1085 248 1149 de
264 1084 353 1149 fonte
369 1085 567 1169 perfectioris
583 1085 747 1170 sapientiae
763 1085 904 1149 animum
919 1084 1078 1161 imbuant3
1095 1098 1128 1149 et
1143 1097 1263 1153 nostrae

113 1172 310 1256 paupertatis
333 1185 514 1236 commenta
538 1175 596 1236 sub
624 1172 758 1257 pedibus
786 1170 931 1244 elationis
958 1195 1023 1235 non
1050 1172 1263 1251 conculcent;

113 1259 312 1345 noveritque,
331 1258 511 1345 quicunque
530 1260 600 1324 haec
616 1259 742 1344 legerit,
759 1282 819 1322 nec
835 1259 865 1323 ei
880 1259 1129 1343 complacuerint
1148 1258 1207 1343 ipsi
1222 1283 1262 1325 ea

113 1346 231 1431 scripta
245 1369 310 1409 non
325 1346 431 1423 fuisse,
446 1347 503 1410 sed
519 1347 548 1410 ei
563 1346 669 1431 potius
685 1346 888 1432 qui'alicujus
904 1345 1111 1413 emolumenti
1121 1346 1261 1413 fructum

113 1432 144 1495 in
159 1433 207 1496 his
223 1432 282 1497 sibi
297 1433 439 1518 potuerit
455 1433 610 1498 invenisse
635 1481 644 1496 .
672 1433 808 1497 Erudire
824 1433 944 1498 etenim
959 1433 1072 1497 doctos
1093 1456 1157 1497 non
1179 1457 1262 1518 prae.-

113 1520 279 1595 sumimus3
295 1521 352 1584 sed
375 1542 531 1604 pauperes
553 1521 727 1597 instruere,
739 1533 772 1584 et
788 1520 960 1584 imbecilles
980 1521 1021 1583 ad
1043 1521 1163 1584 bonum
1186 1543 1262 1604 pro„

112 1607 215 1671 fecttis
231 1606 401 1673 informare
417 1607 594 1691 delegimus
619 1654 627 1670 .
654 1608 696 1671 Et
712 1607 879 1691 praemium
894 1606 984 1671 nobis
998 1607 1038 1669 de
1053 1607 1142 1670 beati
1158 1607 1261 1670 Cuth-

111 1694 195 1757 berti
216 1694 335 1758 virtute
363 1694 543 1780 adquirere,
573 1694 627 1780 qui
657 1694 794 1758 libenter
820 1693 915 1778 ipsius
946 1694 1098 1780 potentiae
1125 1694 1259 1777 gloriam

112 1781 256 1865 cupimus
279 1782 503 1866 prosequendo
519 1780 711 1846 describere.

113 2043 212 2104 CAP.
236 2042 448 2122 IL—Iucipil
461 2045 659 2105 Prolremium
676 2046 708 2104 iu
719 2031 941 2124 subsequentem
956 2044 1106 2104 Libellum
1119 2045 1169 2106 De
1186 2043 1216 2105 V
1213 2048 1259 2105 ir-

195 2131 309 2191 tutibus
323 2138 352 2191 et
367 2130 539 2207 Miruculis
552 2132 682 2209 plorimi
695 2131 852 2192 Cuthberti
866 2131 1039 2210 Pontificis,
1055 2151 1131 2210 quer,
1145 2133 1259 2193 uostris

210 2217 402 2295 temporibus,
418 2226 507 2296 qesta
521 2219 664 2292 vidimus,
681 2218 809 2298 etfueta
820 2218 928 2299 fuisse
943 2220 1147 2298 corruerimus.

157 2387 279 2472 Saepius
295 2388 407 2466 mult0,
430 2389 619 2454 Sanctorum
638 2389 790 2453 miracula
807 2390 939 2452 Patrum
954 2388 1141 2466 audivimus,
1159 2413 1259 2475 opera

109 2473 263 2538 virtutum
289 2476 568 2560 magnificavimus,
598 2489 643 2548 et,⁴
656 2477 789 2576 gloriam
814 2476 915 2540 laudis
940 2475 972 2538 in
999 2499 1110 2539 eorum
1133 2477 1256 2542 honore

111 2559 253 2626 Domino
277 2563 514 2628 decantavimus
539 2612 547 2628 .
575 2563 692 2628 Omma
717 2563 846 2649 quidam
870 2563 1010 2648 ipsorum
1037 2586 1136 2648 opera
1161 2565 1258 2648 digna

108 2649 269 2731 praeconio
288 2663 371 2728 sunt,
392 2650 466 2736 quia
483 2651 607 2736 singula
629 2651 769 2735 ipsorum
792 2650 825 2714 in
850 2650 913 2714 Dei
937 2650 1081 2735 potentiis
1102 2664 1136 2714 et
1160 2651 1256 2736 ipsius

108 2736 243 2807 nominis
258 2737 454 2822 gloribfacta
468 2751 541 2803 sunt
566 2785 573 2801 .
601 2739 638 2802 In
650 2737 754 2815 nullis,
770 2750 886 2815 tamen,
901 2760 973 2823 quae
989 2738 1030 2801 de
1044 2737 1112 2800 aliis
1121 2738 1255 2821 legimus

108 2822 229 2909 aliquid¹
259 2824 363 2909 operis
387 2825 573 2889 miraculum
596 2825 683 2889 beati
717 2824 889 2890 Cuthberti
915 2824 1069 2887 virtutum
1096 2826 1255 2892 excedere

106 2911 264 2994 magnalia
278 2911 454 2976 invenimus
480 2961 487 2976 .
515 2913 598 2997 Ipse,
616 2911 774 2988 nimirum,
793 2912 938 2975 omnibus
955 2934 1085 2996 compar
1104 2911 1135 2973 in
1155 2912 1257 2996 gloria

105 2997 310 3062 beatitudinis
340 3011 399 3076 est,
428 3000 482 3085 qui
508 2999 656 3084 ipsorum
679 2999 820 3063 omnium
847 2997 997 3062 mirandis
1028 2997 1195 3062 virtutibus
1223 2999 1255 3062 i'n

106 3083 193 3146 nullo
220 3084 376 3149 dissimilis
407 3085 560 3170 potentiae
587 3100 636 3150 est
668 3133 675 3149 .
710 3087 763 3163 Et,
793 3086 854 3170 ⁴ipsi
884 3084 943 3148 soli
972 3084 1074 3169 gratia
1104 3086 1256 3168 peculiari

106 3169 216 3232 datum
238 3171 405 3248 cernimus,
429 3174 516 3258 quod
532 3173 651 3237 nemini
671 3174 832 3259 quondam
856 3173 1046 3237 Sanctorum
1071 3194 1255 3235 concessum

106 3254 200 3319 fuisse
220 3258 431 3341 comperimus
457 3307 464 3322 .
495 3259 608 3337 Tinea,
629 3259 788 3337 nimirum,
813 3258 990 3344 putredinis
1010 3257 1106 3342 ipsius
1126 3281 1254 3323 carnem

105 3342 279 3406 sanctitatis
295 3344 414 3408 laedere
429 3345 581 3409 hactenus
596 3369 661 3409 non
676 3347 867 3431 presumpsit
881 3370 889 3421 ;
913 3368 973 3409 nec
994 3367 1104 3427 aerugo
1120 3346 1256 3429 prurigi-

105 3428 151 3491 nis
179 3429 373 3494 domicilium
400 3431 479 3494 sacri
498 3431 631 3516 hospitis
650 3433 769 3508 inficit3
804 3455 864 3496 nec
883 3433 1006 3496 locusta
1024 3431 1137 3494 cineris
1157 3431 1255 3516 ipsius

105 3517 240 3601 sepulcri
256 3517 436 3602 depositum
458 3517 587 3604 attigit3
603 3541 662 3583 nec
685 3520 800 3583 brucus
824 3519 967 3583 morcinii
990 3539 1151 3581 sacrorum
1167 3531 1254 3582 artu-

105 3627 158 3666 um
173 3603 255 3669 illius
271 3606 416 3669 flexuosa
430 3604 560 3689 diriguit
584 3653 592 3669 .
618 3604 744 3690 Nempe
760 3606 793 3669 in
805 3605 890 3668 omni
906 3604 1094 3689 compagine
1110 3607 1252 3689 corporis

104 3713 205 3755 nexus
221 3691 425 3756 solidissimus
440 3692 486 3756 illi
497 3692 645 3756 flexibilis
661 3706 728 3757 est:
746 3693 833 3780 quod
849 3715 913 3756 non
927 3703 1031 3755 morte
1048 3692 1252 3776 depereuntis

104 3778 255 3844 indicium
278 3780 334 3844 sed
350 3779 424 3843 vitae
445 3779 634 3864 spiraculum
657 3780 810 3843 trahentis
834 3779 1089 3864 experimentum
1112 3780 1254 3851 mortali.

103 3866 162 3928 bus
175 3881 223 3930 est
248 3915 256 3931 .
284 3866 347 3932 Alii
367 3866 566 3945 Sanctorum,
580 3866 612 3930 in
628 3889 722 3930 carne
735 3867 896 3944 duranteS,
911 3865 1101 3950 frigescente
1118 3889 1252 3952 corpore

104 3964 137 4018 et
163 3954 290 4037 palloris
317 3953 404 4018 sanie
431 3953 627 4030 dominante,
656 3954 794 4018 menbris
819 3953 965 4017 omnibus
989 3953 1142 4016 induratis
1167 3948 1252 4017 obri-

102 4055 255 4122 gescunt3
280 4064 371 4105 venae
394 4055 427 4105 et
450 4041 539 4105 nervi
569 4041 719 4126 pallendo
741 4054 941 4116 marcescunt
966 4087 973 4103 .
1000 4039 1070 4103 Nec
1086 4040 1186 4108 levius
1203 4056 1252 4107 est

103 4127 242 4209 ipsorum
258 4151 402 4212 corpora,
420 4129 494 4192 licet
509 4129 702 4213 incorrupta,
716 4128 891 4205 inflectere,
930 4150 1003 4190 uam
1019 4127 1130 4191 asseris
1146 4141 1253 4194 senes„

103 4214 203 4295 centis
219 4216 374 4299 asperiem
390 4216 471 4280 velle
487 4216 647 4280 movendo
670 4216 854 4302 intorquere
880 4263 887 4277 .
909 4151 1029 4297 llortis
1052 4214 1172 4277 etenim
1195 4216 1272 4280 dev*

102 4300 209 4363 bitum>
231 4302 393 4377 sentiunt3
410 4315 454 4366 ,et
477 4303 561 4379 ideo,
583 4318 793 4388 exasperante
813 4301 923 4381 mortis
943 4301 1093 4385 ingluvie,
1111 4302 1252 4386 ipsorum

103 4400 189 4450 artus
206 4389 346 4473 corporis
363 4389 545 4454 fatiscentes
561 4387 766 4474 obrigescunt
792 4439 799 4453 .
831 4389 901 4453 Nec
917 4389 1138 4473 compaginem
1153 4390 1251 4459 ullam

650 4481 707 4541 ru
