2924 4966
150 372 224 438 aas
503 379 719 434 aestuatur
747 383 929 434 arousctu

155 564 289 626 tantem,
314 548 492 634 conspexit.
542 548 607 623 Qui
629 548 779 612 candenti
801 546 898 624 lineo,
919 559 954 610 ut
978 545 1007 611 ei
1031 545 1210 623 videbatur,
1235 558 1304 610 erat

157 638 313 712 amictus;
337 636 418 701 facie
434 635 665 723 aliquantulum
682 636 837 722 producta
852 633 1003 699 interfuse
1026 633 1304 710 subrubicundus;

157 725 273 810 capillo
293 725 406 809 capitis
430 724 520 787 simul
548 747 585 788 ac
607 725 717 788 barbae
736 721 888 787 mediocri
905 723 1074 800 tenuitate,
1091 721 1218 787 canitiei
1234 744 1306 805 gra-

157 812 258 876 vitate
270 835 447 898 respersus:
461 825 557 898 atque
567 811 663 876 velud
672 812 754 876 stola
765 813 861 875 aurea
870 811 986 875 collum
998 809 1140 897 undique
1150 809 1307 874 orbicula-

158 899 237 964 riter
246 901 504 976 circumtexerat,
514 922 587 985 quae
599 900 640 963 ad
651 899 802 964 inferiora
813 921 870 984 per
879 899 1019 963 medium
1029 897 1167 984 pectoris
1177 915 1308 982 proten-

158 1010 195 1050 sa
209 987 395 1071 productius
411 988 559 1076 [interlin.
570 986 710 1074 longius]
723 987 941 1073 dependebat:
958 985 1000 1050 Et
1010 1010 1030 1050 a
1039 1008 1163 1050 summo
1175 984 1306 1049 cervicis

160 1073 300 1152 cardine,
325 1075 446 1159 rejecto
462 1072 585 1139 modice
601 1075 759 1140 candente
774 1074 902 1139 sudario
917 1074 959 1138 ad
982 1074 1159 1159 posteriora
1181 1072 1305 1158 capitis,

161 1164 268 1249 sicque
285 1162 447 1227 denudata
459 1162 539 1227 facie
555 1163 706 1227 residere.
756 1163 852 1228 Unde
868 1162 1019 1226 audacior
1043 1176 1077 1225 et
1098 1160 1308 1247 animaequior

162 1249 305 1327 effectus,
332 1249 455 1314 iteratis
486 1250 616 1315 vocibus
646 1250 743 1336 coepit
776 1251 869 1315 Beati
903 1249 1074 1315 Cuthberti
1104 1249 1308 1313 clementiam

162 1339 276 1401 anxius
291 1337 471 1424 implorare,
489 1352 522 1402 et
538 1338 615 1402 talia
628 1361 737 1403 secum
760 1339 909 1424 querulus
925 1337 1033 1401 dicere
1058 1347 1080 1378 ‘⁶
1095 1338 1223 1414 Sancte,
1242 1336 1305 1421 pie,

166 1423 263 1489 Pater
279 1425 470 1503 Cuthberte,
484 1425 639 1491 auxiliare
651 1425 728 1490 mihi
740 1440 773 1491 et
785 1441 930 1512 protege,
944 1441 978 1489 et
989 1427 1029 1489 ab
1042 1425 1174 1489 istorum
1187 1424 1308 1488 insidiis

163 1511 364 1577 diabolorum
379 1537 430 1579 me
446 1515 563 1599 eripe.”
608 1515 681 1579 Jam
704 1514 833 1600 quidem
856 1513 1000 1598 spiritum
1024 1512 1251 1577 ferventiorem
1274 1526 1308 1576 et

162 1601 355 1666 securiorem
382 1616 583 1686 conceperat,
608 1625 667 1687 pro
693 1603 862 1687 praesentiri
891 1601 984 1666 Beati
1017 1600 1188 1666 Cuthberti
1211 1623 1308 1687 quem
1343 1610 1345 1615 ’

163 1687 316 1765 videbat3
353 1704 386 1753 et
417 1690 530 1754 iccirco
557 1713 640 1754 nunc
662 1690 815 1754 audacter
837 1690 1010 1766 daemones,
1034 1711 1115 1775 quos
1139 1688 1224 1772 prius
1252 1687 1308 1751 vix

163 1775 286 1862 trepide
302 1777 429 1877 spiritus
445 1778 645 1843 solummodo
661 1777 823 1842 nominare
839 1790 1094 1862 praesumpserat.
1140 1775 1309 1840 Timuerat

163 1865 247 1928 enim
270 1865 342 1943 sibi,
368 1866 393 1930 si
418 1881 483 1930 tam
508 1866 640 1930 confuso
663 1889 718 1930 eos
741 1865 897 1930 vocabulo
920 1864 1108 1941 nominaret,
1127 1886 1181 1927 eos
1205 1862 1308 1926 acrius

163 1975 241 2037 erga
255 1977 289 2018 se
304 1976 507 2018 commovens
523 1967 739 2039 exasperaret,
756 1968 790 2018 et
811 1968 887 2016 tunc
910 1951 1046 2016 maxime
1062 1975 1158 2039 quarn
1181 1950 1235 2014 diu
1253 1975 1308 2015 eos

162 2040 248 2126 prius
266 2054 300 2106 ut
315 2041 446 2106 infestos
462 2056 494 2106 et
509 2042 637 2106 rabidos
655 2055 689 2106 et
711 2043 796 2105 circa
817 2064 851 2105 se
874 2040 1086 2104 discurrentes
1103 2039 1200 2103 vidit:
1225 2061 1309 2103 nunc

162 2151 239 2193 vero
255 2153 327 2193 curn
350 2129 521 2194 deterritos
543 2144 577 2194 et
598 2128 776 2194 immobiles
798 2128 976 2214 conspexit,
993 2127 1138 2192 diabolos
1160 2126 1308 2192 manifes-

164 2216 281 2280 tissime
297 2240 411 2282 vocare
427 2241 491 2282 non
507 2216 623 2282 timuit.
667 2218 740 2282 Jarn
755 2216 885 2304 quidem
904 2239 938 2280 se
961 2216 1110 2301 sperabat
1133 2216 1173 2279 ab
1197 2237 1309 2278 eorum

163 2304 314 2368 violentia
323 2328 360 2368 ac
370 2306 514 2390 potentia
527 2305 619 2369 Beati
633 2303 830 2370 Confessoris
842 2303 1157 2389 clementideripere3
1171 2303 1309 2389 ideoque

163 2406 229 2455 tam
244 2392 398 2456 audacter
410 2394 479 2477 jam
495 2416 602 2457 coram
617 2392 678 2457 illis
693 2416 805 2457 ausum
820 2406 1011 2476 conceperat
1027 2390 1104 2455 talia
1117 2390 1311 2477 proloquen-

163 2478 216 2544 di:
240 2478 420 2567 iterumque
436 2503 528 2544 orans
541 2495 574 2544 et
585 2481 690 2566 capud
701 2479 826 2566 longius
841 2481 882 2545 de
898 2481 957 2544 sub
973 2479 1119 2565 sepulcro
1131 2477 1307 2562 proferens,

164 2566 243 2630 vidit
266 2582 410 2644 sanctum
436 2567 626 2632 Pontificem
649 2591 713 2632 non
739 2570 808 2654 jam
835 2591 869 2633 se
892 2565 1060 2632 cubitenlrs
1090 2566 1306 2643 inclinantem,

163 2655 221 2718 sed
247 2668 356 2719 erecto
383 2655 477 2719 altius
501 2656 616 2742 capite,
642 2669 745 2720 totum
772 2657 804 2719 in
830 2656 954 2720 directo
979 2655 1184 2719 residentem.
1243 2653 1308 2727 Qui

164 2766 259 2807 manu
282 2743 382 2807 altera
404 2743 519 2807 faciem
540 2742 664 2808 modice
687 2744 873 2809 reclinatam
896 2743 1057 2808 l'ulciendo
1086 2740 1245 2817 sustinuit,
1275 2755 1309 2805 et

164 2833 257 2918 quasi
281 2832 322 2895 ad
348 2831 549 2916 deprecantis
576 2855 670 2896 voces
700 2831 928 2909 exaudiendas,
960 2831 992 2895 in
1019 2831 1168 2895 miserum
1198 2829 1308 2895 oculos

165 2919 327 2984 stellantes
343 2921 511 3006 vultusque
534 2920 694 2985 radiantes
716 2918 885 2984 convertit.
934 2918 1032 2993 Quod
1055 2918 1226 2982 advertens
1242 2916 1307 2995 ille,

164 3007 281 3072 iterum
296 3008 442 3093 precibus
457 3008 575 3072 crebris
590 3008 687 3093 coepit
702 3008 857 3083 insistere,
871 3021 905 3071 et
920 3006 997 3071 talia
1011 3004 1126 3091 saepius
1141 3004 1310 3070 inferendo

165 3096 292 3162 dicere:
333 3096 485 3160 “Sancte
515 3096 705 3174 Cuthberte,
724 3097 794 3180 jam
818 3118 902 3159 nunc
926 3095 1088 3159 daemones
1114 3093 1192 3157 istos
1215 3116 1235 3157 a
1257 3115 1309 3158 me

165 3207 300 3270 segrega
315 3199 347 3249 et
363 3184 488 3268 expelle
503 3207 511 3259 ;
534 3184 609 3270 quia
623 3184 802 3249 mirandum
817 3183 892 3247 satis
908 3196 956 3247 est
975 3197 1008 3247 et
1030 3181 1206 3258 horridum,
1222 3180 1310 3267 quod

167 3287 266 3337 tantae
289 3272 414 3336 virtutis
441 3271 613 3338 Confessor
636 3272 798 3336 daemones
824 3271 1003 3356 permiseris
1029 3269 1140 3340 limina
1165 3268 1309 3332 ecclesiae

167 3375 231 3424 tuae
261 3361 377 3439 subire,
402 3373 435 3423 et
465 3383 565 3446 usque
589 3360 630 3424 ad
656 3359 725 3444 ipsa
754 3359 890 3445 sepulcri
915 3359 962 3422 tui
985 3357 1112 3442 fastigia
1138 3356 1310 3421 sacratiora

167 3449 392 3525 conscendere,
409 3471 488 3534 quos
513 3462 644 3512 eatenus
672 3470 832 3534 nunquam
855 3446 1053 3511 credideram
1077 3446 1161 3509 ultra
1180 3443 1309 3508 ultimos

167 3538 239 3601 atrii
255 3537 397 3601 ecclesiae
413 3550 477 3599 tuae
493 3536 572 3599 fines
587 3559 679 3621 posse
691 3535 896 3620 procedere.”
924 3533 1050 3608 Quibus
1069 3534 1189 3597 Beatus
1208 3533 1311 3597 Cuth-

166 3627 296 3690 bertus:
323 3636 345 3665 “
358 3624 431 3688 Hoc
448 3637 482 3688 tu
498 3638 532 3688 et
547 3623 594 3688 tui
616 3623 793 3688 consimiles
815 3622 929 3700 facitis,
946 3622 1001 3708 qui
1022 3621 1166 3686 ecclesiae
1188 3618 1308 3697 limina,

169 3729 275 3779 mente
297 3711 504 3797 incomposita
526 3724 559 3776 et
582 3712 705 3777 cervice
729 3711 850 3776 tumida
869 3734 906 3775 ac
922 3711 1038 3787 erecta,
1056 3708 1139 3773 collo
1155 3707 1308 3786 distento,

168 3817 329 3888 turgente,
356 3800 555 3887 jactabundo
579 3823 616 3864 ac
645 3799 766 3877 diffluo,
795 3799 926 3863 introire
952 3796 1167 3883 praesnmitis3
1201 3795 1309 3882 ibique

169 3891 275 3976 positi,
293 3889 347 3976 qni
371 3888 444 3952 solis
465 3887 661 3953 orationibus
685 3900 718 3952 et
741 3887 853 3951 studiis
879 3886 1060 3951 coelestibus
1086 3883 1255 3948 intendere
1277 3897 1310 3948 et

168 4002 281 4044 vacare
306 3975 470 4053 debuistis
495 3975 753 4041 meditationibus
777 3974 951 4038 libidinosis
975 3997 1011 4038 ac
1038 3970 1242 4057 supervacuis
1269 3970 1311 4035 ir-

168 4080 364 4143 reverenter,
378 4086 485 4128 coram
502 4063 643 4127 Domino
659 4076 692 4128 et
707 4063 795 4126 sacra
811 4063 1000 4127 Sanctorum
1015 4061 1111 4148 ipsius
1126 4058 1309 4144 praeseutia,

170 4156 320 4220 inservire
339 4175 403 4217 non
425 4150 553 4216 timetis.
611 4153 653 4215 At
669 4165 704 4215 tu
719 4173 739 4214 a
756 4151 853 4214 modo
867 4163 1050 4235 procurato,
1067 4161 1104 4213 ut
1118 4170 1208 4212 more
1225 4147 1312 4212 ordi-

169 4245 269 4323 nario,
289 4238 475 4309 Christianis
490 4239 635 4303 omnibus
658 4238 815 4317 instituto,
832 4237 979 4326 quotiens
1002 4235 1168 4301 ecclesiam
1190 4235 1313 4321 ingres·

168 4354 260 4396 surus
276 4331 317 4396 ad
336 4326 476 4392 hostiurn
501 4326 634 4404 veneris,
656 4326 728 4391 fixis
749 4325 781 4388 in
806 4341 924 4390 terram
946 4325 1091 4410 genibus,
1109 4321 1311 4388 devotissime

169 4419 254 4502 prius
281 4417 399 4492 limina,
418 4428 451 4478 et
473 4429 585 4500 postea
607 4428 712 4500 postes
736 4426 769 4478 et
791 4411 896 4489 hostia
918 4411 1122 4488 deosculeris,
1138 4424 1171 4476 et
1194 4410 1311 4498 deinde
