2924 4966
157 323 233 391 280
515 342 731 395 ancrnasnr
759 342 941 396 nonacnr

160 504 277 588 gratias
293 504 473 570 innumeras
489 505 640 585 reddidit,
653 519 687 570 et
702 530 766 594 quo
782 506 893 573 ordine
908 507 938 572 ei
953 530 1012 593 pro
1032 508 1128 572 tantis
1144 511 1303 596 perceptis

160 592 323 657 beneficiis
338 594 455 677 gratias
470 595 646 679 rependere
662 595 806 673 deberet,
817 619 866 661 ex
880 610 1001 682 quanto
1015 597 1131 682 potuit,
1149 622 1204 662 eos
1220 600 1304 666 suffi-

162 679 285 744 cienter
300 680 460 746 instruxit„
509 682 545 747 ln
560 682 621 747 hiis
637 696 669 747 et
689 683 872 768 hujusmodi
891 686 1027 752 Sanctus
1052 685 1184 749 Domini
1203 688 1304 756 Cuth-

128 811 130 814 <
152 769 272 832 bertus
286 791 320 832 se
344 767 507 834 manifesti
524 771 555 833 in
574 770 702 836 Christo
717 774 824 839 vivere
839 771 960 841 mundo
976 773 1127 850 ostendit,
1143 775 1222 845 dum
1237 775 1305 862 qui-

153 856 348 943 buscunque
378 857 408 923 ei
438 859 626 944 complacet,
657 861 716 927 sub
746 874 910 927 momento
941 863 1091 945 temporis
1121 863 1191 929 sine
1218 863 1303 929 omni

136 964 139 970 ·
162 942 315 1010 dilatione
330 946 499 1012 commoda
513 946 622 1011 salutis
637 946 790 1034 impertit.

151 1165 265 1278 'cre
290 1209 812 1290 carmi-eumaem
827 1211 1007 1280 curvam
1017 1214 1163 1296 joam
1180 1235 1304 1296 peras.

250 1303 335 1377 serit,
350 1308 379 1363 et
392 1302 609 1364 deducendam
626 1302 782 1365 ecclesiam
803 1308 887 1365 nocte
908 1306 1099 1383 apparuerit,
1116 1311 1147 1369 st
1158 1306 1196 1366 de
1213 1310 1303 1385 punct

249 1408 342 1471 quam
357 1391 386 1452 ei
400 1389 523 1473 inflabit,
540 1390 629 1452 illum
645 1389 743 1452 subito
757 1389 941 1455 sanaverit.

209 1561 514 1648 Temperamentum
527 1561 604 1628 fidei
619 1562 750 1627 condire
766 1574 799 1630 et
817 1562 944 1631 efficere
958 1577 1170 1636 consuescunt
1186 1564 1305 1630 subita·

163 1673 225 1715 noa
246 1650 429 1737 operamina
451 1650 600 1736 insperati
622 1649 775 1714 miraculi.
824 1649 908 1714 Nam
930 1650 1007 1715 dum
1029 1673 1087 1736 per
1113 1652 1303 1718 Sanctorum

164 1739 279 1804 merita
303 1739 464 1824 insperata
483 1740 564 1802 liunt
590 1751 623 1804 et
646 1737 782 1815 insolita,
808 1738 915 1809 subito
936 1738 1155 1802 vehementius
1183 1741 1305 1805 inflam-

163 1840 307 1893 mascuut
322 1825 437 1912 frigida
451 1850 494 1890 ex
508 1840 619 1911 tepore
638 1825 715 1892 fidei
735 1825 939 1912 torpentium,
957 1826 1206 1912 desperantium,
1223 1828 1304 1895 diffi-

163 1916 318 1994 dentium,
336 1913 386 1979 vel
407 1913 595 1992 infidelium,
612 1914 720 1980 corda.
769 1913 867 1978 Unde
882 1913 925 1978 ad
940 1914 1180 1979 succedentium
1203 1916 1305 1980 moni-

163 2018 272 2068 menta
287 2016 477 2088 temporum,
491 2003 716 2088 subponemus,
734 2024 806 2088 quae
822 2001 981 2066 modernis
998 2002 1195 2087 temporibus
1210 2027 1306 2090 prop-

164 2104 215 2156 ter
229 2090 322 2156 Beati
335 2089 505 2156 Cuthberti
520 2089 636 2155 merita
650 2090 767 2155 saeculo
783 2089 984 2168 declaranda,
998 2112 1100 2175 nuper
1115 2104 1208 2175 gesta
1218 2115 1305 2156 com-

164 2180 314 2265 perimus.
362 2179 422 2242 Est
444 2178 519 2242 villa
540 2202 613 2265 quae
630 2178 776 2243 Litthum
791 2176 918 2256 dicitur,
935 2200 1008 2264 quae
1023 2177 1056 2242 in
1071 2179 1213 2264 regione,
1254 2204 1304 2244 uae

167 2268 422 2331 Amundemesse
438 2265 564 2344 dicitur,
581 2267 643 2330 sita
657 2265 841 2330 dinoscitur.
889 2266 995 2350 Hujus
1011 2266 1157 2330 dominus
1173 2205 1303 2354 quidam

166 2353 262 2418 Miles
277 2353 400 2418 exstitit
415 2353 470 2454 qui
489 2353 644 2418 Ricardus
663 2353 747 2420 filius
771 2352 915 2437 Rogerii¹
934 2354 1186 2439 cognominatus,
1204 2379 1304 2442 quan-

162 2442 236 2511 dam
252 2441 417 2506 ecclesiam
431 2464 464 2504 rn
485 2441 640 2506 honorem
659 2441 752 2507 Beati
770 2441 941 2507 Cuthberti
960 2443 1002 2506 ab
1016 2442 1132 2507 attavis
1154 2445 1304 2528 progeni-

163 2531 285 2594 toribus
300 2529 363 2594 suis
379 2528 411 2591 in
426 2529 540 2593 eodem
556 2529 717 2594 territorio
731 2528 908 2609 fundatam,
923 2528 1047 2614 habuit.
1096 2529 1133 2594 ln
1155 2532 1219 2617 qui
1238 2531 1302 2596 Dei

163 2620 268 2703 gratia
296 2628 427 2703 propter
457 2616 551 2681 Beati
579 2617 751 2682 Cuthberti
777 2617 891 2681 merita
917 2616 1030 2702 saepiris
1052 2638 1186 2681 numero
1209 2619 1303 2704 plura

163 2719 296 2792 operata
324 2718 372 2769 est
398 2704 560 2781 miracula,
587 2705 708 2769 cunctis
734 2704 921 2770 mortalibus
946 2703 1168 2790 praemiranda.
1216 2705 1301 2771 Nam

163 2796 258 2859 mutis
274 2792 446 2880 eloquium,
462 2791 583 2857 claudis
598 2815 752 2878 gressum,
769 2793 861 2857 caecis
876 2795 989 2870 visum,
1003 2791 1122 2857 Beatus
1140 2794 1302 2859 Cuthber-

163 2897 214 2947 tus
226 2906 311 2968 saepe
323 2881 367 2945 ibi
379 2881 565 2966 praestabat3
581 2881 756 2968 surdosque
768 2893 802 2945 et
813 2894 993 2947 contractos
1007 2879 1139 2966 pristini
1149 2881 1302 2968 sospitate

148 2971 351 3056 reparabat:
374 2968 477 3070 etqui
495 2969 651 3053 corporali
672 2968 842 3055 praesentia
856 2968 969 3048 defuit,
985 2968 1030 3033 ibi
1048 2992 1082 3033 se
1097 2968 1223 3037 virtutis
1246 2994 1304 3056 po-

164 3060 264 3124 tentii
279 3059 400 3134 adesse,
417 3080 524 3141 vigere
543 3071 577 3121 et
591 3071 782 3143 praesentem
797 3056 981 3135 consistere,
997 3070 1224 3142 praemonstare
1240 3082 1303 3123 non

163 3146 291 3212 desinit.
342 3144 406 3210 Hic
429 3145 605 3209 ministrum
630 3145 726 3210 Miles
752 3144 875 3222 habuit,
899 3144 955 3233 qui
981 3143 1101 3209 Vineth
1123 3146 1303 3211 nominatus

164 3236 245 3301 fuit:
262 3234 316 3322 qui
332 3246 368 3299 ut
382 3256 451 3297 mos
465 3234 613 3298 humanae
625 3232 804 3319 fragilitatis
820 3246 879 3311 est,
891 3232 1052 3321 quoddam
1064 3233 1190 3298 sceleris
1206 3257 1303 3321 grave

163 3324 365 3389 commissum
376 3320 530 3390 secretiirs
540 3320 746 3407 perpetravit,
760 3321 791 3384 in
803 3344 867 3408 quo
879 3333 913 3385 et
927 3320 1065 3386 Beatum
1079 3321 1303 3387 consessorem

166 3411 231 3477 Dei
264 3411 479 3477 Cuthbertum
514 3410 654 3494 graviter
683 3432 760 3494 erga
788 3431 822 3472 se
855 3408 1059 3487 offendendo,
1091 3412 1304 3495 exasperavit.

168 3501 233 3565 Sed
257 3523 322 3563 non
346 3496 484 3583 impune.
532 3496 616 3563 Nam
640 3498 727 3584 quod
750 3497 803 3562 ille
827 3497 909 3562 clam
935 3496 1147 3575 commiserat,
1169 3499 1303 3565 Sanctus

166 3587 338 3654 Confessor
358 3584 490 3650 Domini
505 3585 609 3670 palam
624 3584 747 3672 insequi
763 3599 796 3649 et
814 3584 927 3670 punire
943 3585 1086 3650 curabat.
1134 3585 1236 3671 Igitur
1251 3587 1303 3651 die

162 3677 300 3763 quidam
321 3675 397 3738 dum
416 3673 500 3738 solus
519 3673 684 3752 existeret,
701 3672 835 3757 contigit
849 3673 1059 3759 utyquendam
1075 3674 1178 3737 virum
1198 3674 1305 3759 ponti-

164 3763 307 3829 ficalibus
330 3761 487 3840 indutum,
512 3761 641 3826 obvium
671 3761 729 3826 sibi
752 3762 887 3827 videret.
936 3759 1001 3835 Qui
1027 3773 1135 3827 torvos
1158 3762 1191 3824 in
1213 3762 1303 3829 illum

148 3853 269 3918 'vultus
293 3851 471 3928 inflectens,
489 3849 663 3915 comminus
681 3848 826 3928 accessit,
844 3862 878 3913 et
898 3871 994 3913 manu
1012 3847 1102 3933 gravi
1121 3847 1256 3930 vibrati,
1273 3851 1303 3916 ei

112 4016 117 4027 ⁴
199 4032 207 4070 ¹
220 4027 333 4084 Richard
344 4028 407 4080 Fitz
417 4028 507 4095 Roget
513 4042 577 4094 gave
587 4027 634 4080 the
644 4027 740 4079 churclr
752 4026 782 4078 ol
790 4027 913 4093 Lytham,
925 4027 953 4076 in
963 4024 1127 4081 Lancashire.
1134 4026 1197 4079 here
1208 4027 1304 4094 spolren

162 4095 195 4158 of,
208 4098 258 4148 and
267 4097 342 4149 other
352 4096 511 4162 possessione.
521 4102 548 4149 to
560 4096 604 4148 the
617 4097 690 4148 Prior
698 4096 748 4148 and
760 4095 880 4147 Convent
889 4093 919 4146 ol
926 4093 1051 4154 Durbam,
1061 4094 1117 4144 who
1128 4094 1305 4164 immediately

161 4167 289 4216 stationed
301 4165 374 4215 there
385 4182 400 4215 a
411 4164 502 4232 colony
511 4161 542 4212 of
549 4161 642 4214 Monlrs
652 4163 719 4215 from
731 4163 799 4216 their
810 4163 914 4223 church,
922 4160 1005 4213 under
1016 4162 1062 4213 the
1073 4164 1305 4229 superintendence

162 4233 192 4283 of
204 4248 220 4282 a
232 4233 312 4291 Prior,
325 4231 488 4283 removeable
498 4238 526 4282 at
538 4231 600 4282 vill.
635 4232 694 4282 The
704 4231 794 4298 yearly
806 4238 915 4282 account
925 4229 988 4282 rolls
1001 4229 1032 4280 ol
1045 4231 1098 4282 this
1113 4232 1170 4290 cell.
1182 4233 1247 4284 vitb
1257 4249 1306 4285 nu·

161 4315 263 4351 memus
274 4299 410 4368 periodical
420 4300 578 4352 inventories
589 4300 619 4351 of
625 4303 659 4354 its
671 4300 753 4361 relies,
764 4299 840 4366 plata.
850 4298 933 4357 bools,
943 4299 1025 4361 robes,
1037 4302 1092 4359 otc..
1103 4316 1147 4352 are
1158 4301 1304 4369 preserved.

160 4368 223 4484 §ipa
240 4369 350 4438 Rogersl
363 4368 414 4437 gia
432 4384 482 4421 was
499 4365 638 4420 confirmed
658 4369 693 4434 by
710 4367 787 4430 John,
805 4366 869 4423 Earl
885 4366 916 4418 of
932 4367 1048 4432 Mortua,
1063 4367 1213 4426 allervards
1232 4370 1305 4439 King

179 4452 193 4485 o
212 4450 237 4483 n.
