2924 4966
467 383 645 437 nuusau.
670 382 874 446 mestuus,
893 383 977 434 erc.
1252 363 1296 427 15

153 635 253 703 CAP.
281 635 421 702 Xt-De
446 636 551 702 rosuli
576 635 838 700 abrenuntiatione
863 642 893 697 et
917 633 1021 697 eterna
1046 627 1296 707 remuneratione,

434 723 568 808 qualiter
582 742 614 785 re
628 721 834 805 oppupnondo
848 721 1020 785 devincant.

200 895 236 960 In
268 894 474 960 tabernaculo
504 893 612 959 saculi
640 891 935 968 abrenuntiationis,
963 904 996 956 et
1023 903 1143 956 eterna
1170 889 1297 978 quietis,

153 981 224 1048 talis
247 980 471 1048 convenientia
493 980 661 1068 reperitur,
678 980 766 1068 quod
788 979 940 1068 quicquid
963 977 995 1042 in
1019 976 1125 1042 sreculi
1143 977 1300 1042 abrenun-

152 1067 292 1135 clatione
304 1067 409 1151 agitur
421 1090 479 1172 pro
491 1082 612 1134 stema*
623 1066 698 1133 vitoe
710 1067 967 1133 remuneratione
980 1064 1156 1131 intenditur
1181 1111 1188 1128 .
1215 1063 1300 1130 Nam

153 1154 256 1221 omnis
280 1154 355 1221 vitre
377 1154 471 1242 hujus
498 1154 705 1233 concertatio,
731 1167 851 1219 eterne
871 1153 967 1218 solius
990 1149 1208 1217 retributionis
1231 1173 1300 1217 esse

153 1243 252 1308 debet
284 1241 418 1307 intentio
465 1289 473 1308 .
518 1243 713 1310 Concertare
743 1241 828 1307 enim
859 1241 1012 1305 debemus
1043 1238 1171 1317 saeculo,
1204 1238 1300 1325 ipsius

154 1327 320 1395 desideriis
343 1328 616 1406 abrenuntiando,
643 1351 708 1417 quo
723 1327 841 1394 eternis
857 1326 976 1428 perfrui
993 1326 1147 1414 possimus
1162 1326 1300 1410 gaudiis,

154 1416 195 1483 de
226 1415 361 1503 propriis
391 1416 720 1504 concupiscentiarum
750 1414 884 1482 stimulus
908 1413 1134 1501 triumphando
1163 1460 1171 1477 .
1204 1412 1304 1479 Nulla

155 1517 204 1570 est
230 1502 316 1568 enim
340 1502 474 1570 facultas
502 1503 628 1570 virtutis
654 1525 727 1604 qum
754 1524 900 1589 superma
926 1500 1061 1586 gloriam
1087 1523 1150 1566 non
1176 1500 1303 1587 expetit

155 1590 419 1657 renumerationis
449 1638 456 1657 .
488 1590 614 1656 Soeculo
638 1589 735 1675 igitur
758 1588 942 1656 abdicantes
967 1587 1235 1665 abrenuntiamus,
1254 1600 1301 1666 ut,

156 1691 227 1783 past
244 1677 318 1743 vitre
335 1677 518 1764 temporalis
534 1676 725 1754 transitoria,
737 1689 858 1742 eternae
874 1676 948 1740 vitae
964 1673 1163 1761 sempiternis
1179 1674 1303 1756 gaudiis

157 1786 331 1831 inseramur
374 1813 382 1831 .
428 1763 674 1830 abrenuntiatio
703 1762 801 1827 seculi
832 1775 891 1842 est,
922 1784 996 1826 curn
1030 1763 1125 1827 rebus
1155 1761 1303 1845 abjurare

157 1851 350 1918 intendimus
380 1850 518 1917 abusivis
547 1897 555 1916 .
586 1849 650 1916 lies
678 1849 746 1916 illas
772 1849 917 1915 abusivas
944 1847 1077 1915 dicimus
1100 1870 1173 1936 quoe
1196 1847 1304 1914 usibus

157 1938 273 2004 nastris
289 1960 352 2003 nen
369 1960 409 2003 ex
429 1936 540 2003 debito
562 1936 733 2003 convenire
756 1937 998 2023 comprobamus
1023 1983 1031 2000 .
1058 1934 1143 2001 Hinc
1151 1934 1305 2088 procedit

181 2026 246 2091 und
262 2023 401 2090 metibus
417 2023 558 2109 corperis
574 2023 779 2101 abstinemus,
793 2022 919 2090 occulta
930 2022 1096 2089 dedecoris
1108 2023 1149 2088 ab
1173 2022 1303 2099 icamus,

158 2050 325 2177 desideriis
365 2110 565 2196 voluptatum
599 2109 734 2198 propriis
768 2109 997 2189 renuntiamus,
1029 2110 1162 2176 affectus
1200 2108 1305 2174 cardis

160 2198 348 2263 curriculosa»
381 2196 584 2276 intendimus,
616 2196 848 2282 cogitationum
881 2195 1018 2263 ludibria
1048 2195 1200 2263 calcando
1230 2218 1306 2261 con-

160 2284 363 2371 tempuimus,
386 2284 597 2350 intentionum
627 2298 750 2350 secreta
774 2284 925 2351 rimantes
952 2283 1115 2351 eradicare
1142 2283 1308 2370 concupis·

159 2372 259 2437 ciuuu
285 2418 293 2437 .
320 2371 379 2437 llis
395 2371 503 2460 itaque
520 2371 672 2438 virtutum
689 2371 834 2459 primitiis
847 2370 991 2459 expediti
1004 2371 1046 2437 ad
1058 2369 1173 2460 quietis
1185 2383 1306 2438 eternis

161 2458 400 2526 tabernaculum
430 2481 647 2546 properamus,
677 2471 712 2525 nt
749 2458 865 2524 laboris
895 2458 1077 2527 mercedem
1107 2482 1126 2524 a
1165 2457 1307 2523 Domino

161 2546 371 2650 percipiamus
411 2594 418 2612 .
462 2546 590 2612 litorum
618 2545 733 2635 quietis
761 2546 1002 2613 tabernaculum
1031 2545 1202 2634 quaerimus
1229 2546 1307 2611 dum

155 2633 227 2721 Jugi
251 2633 466 2699 meditationis
489 2633 596 2700 studio
618 2633 833 2721 spiritualibus
850 2633 1016 2712 inhiamus,
1033 2632 1169 2700 lacrimis
1188 2644 1221 2698 et
1237 2655 1309 2698 ora

162 2720 301 2785 tionibus
338 2741 468 2809 operam
509 2722 630 2800 dantus,
663 2720 878 2808 spiritualibus
916 2731 1065 2787 vacantes
1103 2719 1309 2798 intendimus,

162 2807 337 2874 calentium
353 2807 604 2895 eurrtemplantes
620 2807 761 2875 misteria
780 2820 813 2875 et
835 2807 1038 2874 ministerias
1063 2807 1192 2873 irituum
1208 2807 1312 2873 admi-

162 2904 268 2961 rantes
292 2892 452 2961 intuemur
491 2942 498 2962 .
541 2884 578 2961 In
597 2893 645 2961 his
661 2894 769 2996 itaque
785 2894 996 2961 tabernaculis
1012 2831 1220 2961 inlsabitando
1235 2917 1312 2981 pro-

163 2981 307 3059 lieiums3
335 2982 385 3048 vel
412 2981 597 3049 deficientes
624 3004 682 3069 per
706 2982 860 3050 viciorum
877 2981 1004 3048 lubrica
1026 3004 1046 3048 a
1068 2993 1157 3048 recto
1180 2981 1310 3048 tramite

163 3068 327 3134 deviamus
361 3115 369 3134 .
405 3068 485 3135 Hac
509 3083 582 3134 stim
605 3070 811 3136 tabernacula
827 3070 998 3156 justornm,
1019 3084 1053 3136 et
1075 3068 1167 3157 primi
1191 3068 1309 3154 gradus

164 3153 397 3221 conscendenti
421 3155 574 3222 virtutum
607 3203 614 3222 .
644 3156 695 3222 De
719 3157 833 3260 quibus
856 3155 948 3244 plura
971 3156 1174 3244 inpraesenti
1202 3155 1312 3236 dicere

164 3241 339 3309 omittimus
355 3262 395 3309 ne
412 3258 453 3307 ex
470 3242 654 3329 prolixitate
670 3242 831 3311 lustrdium
846 3265 1046 3329 generemus.

167 3498 541 3587 uerna-monem
557 3502 771 3572 Tobemoealo
783 3508 914 3572 Domim
924 3510 986 3572 sint
996 3508 1116 3584 dilecta,
1127 3514 1156 3571 et
1164 3507 1311 3582 diversor

339 3599 369 3657 st
382 3591 447 3657 Dei
458 3590 580 3658 Sonent
594 3594 738 3658 muana.
783 3595 1013 3679 Rrropttulats'o
1027 3595 1135 3659 brouls.

215 3762 320 3840 Quum
340 3763 458 3831 dilecta
475 3763 572 3851 igitur
591 3764 654 3831 sint
673 3764 856 3831 hu'usmodi
876 3765 1081 3832 tabernacula
1099 3764 1185 3832 nulla
1205 3765 1313 3851 expri-

167 3864 257 3916 munt
285 3872 466 3919 terassonam
494 3852 622 3942 eloquin
651 3900 658 3919 .
730 3851 825 3919 ilecto
843 3853 928 3919 enim
947 3866 1020 3920 sant
1040 3874 1082 3919 ex
1102 3852 1312 3920 admiratione

167 3938 377 4025 pssumis-isset,
401 3938 527 4006 diversa
545 3962 586 4005 ex
609 3939 807 4007 diuersorum
827 3939 1025 4006 institutione
1045 3952 1230 4018 mammet
1249 3939 1314 4005 dis·

168 4037 257 4091 creta
272 4026 458 4112 <irroratione
475 4027 596 4093 variati
621 4075 629 4094 .
655 4026 834 4093 Multitudo
850 4027 1067 4094 admirationis
1087 4050 1150 4093 non
1171 4027 1313 4093 adudtti-

170 4131 231 4187 mr,
246 4111 320 4201 quia
334 4113 493 4205 qnmtitns
510 4114 635 4181 illorum
647 4112 868 4201 pulcritudinis
878 4129 911 4180 et
921 4113 1097 4181 dulcedinis
1113 4114 1200 4179 nullo
1215 4113 1313 4181 modo

191 4200 387 4285 erpemditur,
415 4200 637 4288 pulcritudinis
661 4201 691 4266 in
717 4200 871 4267 virtutum
891 4200 1056 4278 varietate,
1077 4200 1253 4267 dulcedinis
1279 4201 1312 4267 iu

174 4286 195 4349 O
217 4287 281 4351 usti
298 4287 434 4440 Spiritus
450 4288 609 4356 stravitnte
625 4336 632 4354 .
651 4289 757 4354 'Parui
768 4288 853 4355 euim
865 4287 1050 4354 diversitate.
1063 4287 1311 4373 distinguuntur,

170 4387 298 4461 ‹prumm
317 4373 509 4440 r'rersitatis
532 4375 740 4441 discretiones
763 4396 895 4460 eperum
917 4387 950 4440 et
974 4374 1192 4441 distinctiones
1211 4374 1315 4441 inten-
