2924 4966
201 356 246 422 lt
547 373 764 425 nantuacus
794 374 990 436 arannem,

241 623 340 687 CAP.
367 622 545 687 VL-Itern
560 625 597 686 de
610 632 742 707 quatuor
753 625 986 774 'le'qdbanaculis
1000 626 1075 687 aliis
1089 627 1297 705 spiritualiter
1397 707 1401 714 ⁸

665 732 777 793 acquir
835 733 872 773 rs.
994 734 996 740 ⁴

241 880 323 945 Sunt
338 882 436 946 etiam
456 882 678 947 Tabemacula
695 882 767 959 alia,
785 906 858 969 quae
875 882 924 945 his
943 895 1016 946 sunt
1035 905 1078 946 ex
1093 882 1248 947 virtutum
1266 885 1340 951 imi·
1362 923 1365 929 v

194 968 314 1033 tatione
330 970 482 1054 contigua
506 1016 513 1032 .
541 969 684 1033 Primum
700 983 748 1033 est
766 970 846 1033 illud
865 969 1041 1033 Salamonis
1060 970 1149 1055 quod
1167 972 1225 1034 sub
1244 973 1339 1056 pelli·
1442 1019 1451 1029 -

192 1055 251 1128 bus
274 1057 395 1141 tegitur
419 1103 426 1120 .
454 1056 648 1133 Secundum,
669 1056 839 1140 Virginalis
863 1056 957 1134 uteri,
977 1056 1011 1118 in
1033 1078 1098 1142 quo
1116 1057 1263 1121 Christus
1285 1082 1339 1125 re·

146 1136 168 1201 ἱ.
182 1163 325 1226 pausare
343 1142 547 1228 cognoscitur
571 1190 578 1206 .
604 1143 767 1221 Tercium,
783 1144 877 1227 hujus
895 1143 1118 1226 corruptionis,
1136 1166 1201 1229 quo
1222 1144 1338 1212 debito

191 1229 302 1292 mortis
328 1229 522 1294 absolvimur
547 1277 554 1293 .
582 1229 753 1307 Quartum,
770 1230 858 1317 quod
877 1229 909 1291 in
933 1229 1018 1294 caelis
1042 1229 1229 1314 suspirando
1252 1255 1338 1317 prae-

190 1314 344 1380 stolamur
361 1363 368 1380 .
389 1316 566 1380 Salomonis
579 1316 819 1381 tabernaculum
829 1330 877 1380 est
890 1316 922 1379 in
933 1318 1019 1380 terri
1034 1316 1094 1380 ists
1108 1318 1167 1380 sub
1182 1318 1335 1402 pellibus;

190 1401 266 1501 quia
280 1402 445 1467 nobiscum
461 1404 493 1465 in
514 1403 575 1467 hac
590 1403 784 1467 mortalitate
800 1403 890 1487 degit
909 1403 941 1466 in
957 1417 1075 1467 nostrae
1090 1403 1188 1467 etiam
1203 1427 1337 1491 corrup-

190 1488 285 1551 tionis
305 1503 339 1554 et
357 1489 537 1574 fragilitatis
559 1513 699 1575 paupere
725 1489 800 1589 [ita]
823 1490 1079 1554 miserationibus
1104 1537 1112 1553 .
1139 1490 1227 1555 Pelle
1247 1493 1336 1558 enim

189 1598 247 1638 nos
268 1577 423 1662 contegit,
440 1577 517 1640 dum
535 1577 594 1640 sub
610 1577 812 1641 mortahtatis
831 1577 957 1641 miseriis
971 1600 1028 1640 nos
1046 1578 1247 1662 protegendo
1263 1603 1337 1644 cus-

190 1662 274 1727 todit
298 1712 306 1727 .
332 1664 590 1728 Tabemaculum
602 1663 774 1748 Virginalis
791 1664 887 1729 Uteri
899 1677 948 1728 est
963 1664 1005 1728 de
1017 1687 1081 1750 quo
1095 1664 1251 1748 sapientia
1267 1667 1333 1732 Dei

188 1748 298 1814 locuta
312 1765 360 1815 est
378 1799 385 1816 .
404 1751 478 1815 “Et
493 1751 547 1837 qui
563 1751 683 1815 creavit
693 1773 745 1814 me
757 1751 916 1837 requievit
932 1751 965 1814 in
980 1751 1188 1815 tabernaculo
1203 1755 1297 1816 meo”
1325 1801 1334 1820 .
1365 1780 1367 1785 ·

192 1836 256 1910 Qui
273 1837 358 1901 enim
373 1861 444 1903 eam
460 1837 580 1902 creavit
591 1836 632 1901 de
645 1837 762 1902 nichilo
778 1837 810 1900 in
822 1839 890 1922 ejus
904 1838 1105 1924 requiescere
1118 1837 1267 1922 dignatus
1282 1853 1334 1906 est

188 1923 383 1988 castimoniae
400 1926 606 1989 tabernaculo
631 1971 639 1987 .
665 1924 922 1989 Tabemaculum
938 1925 1013 1990 versi
1029 1923 1171 1996 Domino
1191 1927 1331 2005 exstitit,

188 2010 263 2094 quia
282 2012 389 2076 Sancti
409 2011 545 2095 Spiritus
568 2010 671 2096 gratia
687 2012 755 2096 ejus
777 2011 982 2096 puerperium
998 2010 1065 2075 sine
1081 2011 1183 2074 omnis
1206 2015 1332 2096 peccati

187 2097 337 2181 contagio
352 2098 555 2162 obumbravit
580 2145 588 2161 .
614 2098 871 2162 Tabemaculum
887 2111 935 2162 est
950 2097 1162 2182 corruptionis
1178 2121 1243 2184 quo
1258 2124 1333 2184 gra-

187 2183 252 2245 vati
271 2183 520 2268 ingemiscimus,
546 2184 621 2271 quia
650 2186 760 2248 mortis
790 2184 916 2249 miserit
944 2184 1105 2270 desperati
1128 2185 1294 2250 deficimus
1322 2236 1331 2252 .

189 2269 261 2332 Hac
284 2271 478 2335 mortatilate
502 2272 626 2355 gravati
649 2272 767 2336 cotidie
792 2272 983 2356 suspiramus
1006 2271 1134 2347 afflicti3
1158 2272 1233 2358 quia
1259 2275 1330 2338 erui

184 2356 315 2419 omnino
330 2380 394 2420 non
417 2381 582 2441 possumus
598 2358 656 2421 nisi
679 2358 789 2423 mortis
812 2359 934 2436 debito,
952 2377 985 2422 et
1007 2358 1131 2443 peccati
1146 2359 1271 2443 judicio
1286 2361 1330 2426 de

186 2441 252 2506 vita
267 2444 442 2508 transducti
460 2491 468 2507 .
486 2444 743 2509 Tabemaculum
759 2445 874 2532 quietis
890 2458 1011 2510 eternae
1024 2444 1068 2509 ibi
1084 2467 1141 2508 uos
1157 2460 1276 2524 manet,
1293 2461 1329 2514 et

181 2529 306 2613 jugitur
326 2530 445 2614 gaudia
461 2530 567 2598 felicia
589 2549 759 2617 praeparat,
776 2555 841 2618 quo
861 2532 995 2609 animus,
1013 2555 1077 2595 uon
1094 2554 1153 2616 per
1168 2532 1217 2596 sui
1232 2534 1330 2598 meri·

186 2628 254 2678 tum
270 2618 327 2680 sed
341 2640 399 2703 per
410 2617 636 2682 misericordiae
646 2619 849 2697 beneficium,
866 2619 1049 2704 pertingere
1065 2632 1183 2704 sperat,
1201 2632 1234 2684 et
1251 2641 1329 2684 con-

184 2701 377 2786 cupiscendo
396 2704 626 2789 gratulabunde
650 2705 800 2770 delectat.

184 2963 281 3032 cAP.
301 2965 333 3030 V
329 2957 581 3047 IL—anrnoda
595 2979 728 3050 quatuor
743 2970 948 3048 procedentia
962 2969 1018 3029 sab
1031 2969 1211 3030 discretione
1224 2971 1325 3032 occid

326 3055 359 3116 ta
373 3057 433 3118 sibi
447 3059 510 3118 sint
519 3059 635 3131 amica,
651 3058 922 3139 confederationem
938 3057 1178 3136 participantia.

228 3224 377 3298 Quatuor
391 3225 453 3291 ista
469 3227 691 3292 Tabernacula
706 3225 920 3311 superioribus
935 3238 1009 3289 sunt
1028 3248 1087 3310 per
1101 3225 1228 3290 virtutis
1250 3249 1323 3310 gra·

181 3311 239 3374 dus
262 3313 495 3389 convenientia,
513 3313 627 3400 quibus
651 3313 778 3377 illorum
799 3329 931 3397 possunt
953 3311 1190 3396 imperfectiora
1212 3312 1321 3398 detegi

180 3411 213 3462 et
228 3398 381 3463 interiora
396 3400 517 3465 dinosci
542 3447 550 3463 .
575 3400 661 3464 Nam
670 3399 872 3464 mortalitatis
882 3412 916 3463 et
927 3398 1106 3463 solitudinis
1116 3400 1322 3471 tabernacula

179 3484 239 3548 sibi
255 3500 454 3570 congruunt:
471 3488 611 3574 eoquod
634 3487 745 3551 mortis
760 3500 905 3572 tempore
920 3486 962 3550 ad
985 3485 1160 3549 sterilitatis
1175 3485 1321 3550 solitudi-

178 3594 252 3636 nem
267 3586 383 3645 cuncta
400 3589 568 3639 recurrunt
593 3623 601 3638 .
626 3573 717 3638 Mors
736 3573 820 3639 enim
835 3573 986 3638 absorbet
1000 3596 1020 3636 a
1034 3572 1112 3649 vitia·
1128 3569 1183 3636 ubi
1197 3572 1319 3636 heremi

177 3660 307 3724 vastitas
323 3675 356 3726 et
379 3662 519 3727 solitudo
534 3674 649 3727 cuncta
670 3661 788 3746 redigit
806 3660 838 3724 in
858 3660 998 3725 cinerem
1013 3672 1046 3723 et
1060 3659 1201 3723 favillam
1226 3706 1234 3722 .
1262 3659 1320 3722 So·

176 3749 280 3813 litudo
296 3750 393 3814 etiam
408 3749 451 3814 ibi
467 3763 557 3814 vasta
572 3748 717 3825 efficitur,
735 3748 801 3826 ubi,
819 3770 862 3812 ex
875 3747 1007 3811 horrore
1024 3746 1136 3810 cineris
1153 3759 1187 3810 et
1208 3746 1320 3831 pulve-

177 3837 231 3914 ris,
248 3837 351 3900 nullus
368 3835 488 3901 vicinus
510 3837 542 3900 in
557 3836 753 3919 contingenti
772 3833 941 3921 reliquitur
965 3881 972 3897 .
998 3833 1114 3897 Nullus
1135 3834 1221 3897 enim
1236 3833 1319 3896 adeo

177 3922 373 4008 propinquus
388 3925 507 3988 amicus
523 3937 572 3988 est
587 3923 642 4010 qui
656 3922 782 3987 foetenti
798 3922 831 3984 in
846 3922 991 4005 sepulcro
1007 3920 1168 4005 putredini
1184 3920 1319 3984 societa-

178 4010 217 4073 tis
233 4010 397 4094 impendat
412 4011 575 4098 exequias,
586 4010 639 4074 vel
653 4009 707 4096 qui
722 4009 841 4073 funeris
856 4007 934 4071 velit
946 4009 997 4072 vel
1006 4030 1073 4090 prae
1088 4008 1203 4071 foetore
1218 4006 1318 4091 possit

177 4097 322 4160 contueri
337 4097 486 4184 reliquias
511 4146 519 4162 .
547 4098 612 4161 Sed
628 4110 698 4160 tota
712 4096 850 4160 suavitas
865 4094 1087 4178 pulcritudinis
1103 4095 1143 4158 sit
1159 4093 1330 4180 sterquili-

176 4183 264 4247 nium
273 4183 387 4246 vennis
400 4198 432 4248 et
444 4184 621 4271 putredinis
635 4230 643 4246 .
659 4183 757 4248 Unde
768 4179 850 4247 bene
860 4204 918 4265 per
928 4181 1059 4246 Ysaiam
1068 4181 1196 4258 dicitur,
1210 4191 1231 4219 “
1241 4181 1319 4245 Om-

174 4294 230 4335 nes
240 4292 351 4333 manus
361 4270 590 4336 dissolventur''
605 4318 612 4333 .
627 4270 743 4334 Manus
752 4267 959 4335 dissolutione
969 4268 1161 4354 dissipantur
1169 4290 1241 4331 cum
1251 4290 1319 4330 om·
1338 4318 1340 4322 .

175 4357 222 4419 nis
234 4371 323 4421 actus
336 4358 440 4440 operis
456 4373 489 4422 et
504 4358 636 4421 affectus
652 4355 853 4438 cogitationis
866 4354 897 4419 in
914 4355 1064 4420 nichilum
1080 4355 1316 4417 dissolvuntur:
