2924 4966
150 308 199 369 58
498 284 717 373 nootinnur
746 322 935 373 nonnoni

150 500 306 570 tempore,
331 498 472 549 retracta
497 506 571 549 cum
598 484 761 551 forcilibus
789 484 838 575 [in
862 506 956 571 marg
980 484 1181 577 forficibus]
1201 488 1315 575 capilla-

150 588 233 637 tnrte
260 574 418 657 portione,
441 572 537 655 coepit
566 570 686 637 minuti
712 571 782 637 auri
806 572 947 636 nitorem
973 574 1105 657 passim
1134 598 1267 653 exuere,
1286 590 1313 641 et

149 660 291 735 (lernam,
308 659 510 744 stupentibus
528 660 651 722 cunctis
674 660 716 723 ad
738 659 840 723 statiis
864 658 989 745 proprii
1014 662 1167 745 liguram
1194 686 1313 728 conver·

150 747 250 809 tendo
273 746 389 811 redire.
441 746 537 811 Unde
561 745 642 809 sicut
667 746 818 821 creditur,
835 744 976 831 forcipes
1001 746 1079 833 ipsi,
1098 772 1181 813 cum
1195 752 1311 835 pectine

149 834 262 915 grandi
287 834 431 897 eburneo
458 833 488 895 in
513 832 610 896 medii
634 834 737 897 centri
759 832 892 917 regione
916 832 1105 919 perforato,
1125 835 1162 901 in
1177 838 1311 923 sepulcro

150 920 237 983 beati
258 920 421 983 l’ontilicis
438 920 579 1004 pristimo
604 920 754 983 ttovitatis
770 919 906 1003 gratiam
930 920 1042 985 adhuc
1066 923 1252 989 retinentes
1271 926 1311 989 in·

152 1010 333 1081 veniuntur,
350 1023 384 1071 et
408 1029 482 1069 cunt
507 1006 636 1071 honoris
650 1006 832 1071 reverentia
853 1030 947 1071 secus
962 1030 1087 1093 corpus
1104 1010 1210 1095 ipsius
1224 1034 1310 1097 super
1393 1070 1396 1077 .

151 1096 293 1159 tabulam
321 1108 531 1178 reponuntur.
588 1094 716 1157 Accidit
741 1093 891 1193 denique,
919 1094 1069 1181 quodam
1096 1110 1261 1185 tempore,
1279 1112 1309 1163 ut

151 1181 287 1265 sepulcri
303 1181 455 1256 loculum,
472 1180 560 1266 quod
576 1184 721 1265 superius
733 1194 902 1265 preminet,
916 1180 1109 1261 accludens,
1122 1197 1161 1249 et
1172 1208 1309 1273 quasque

150 1269 235 1333 circa
249 1268 391 1351 operculi
407 1268 521 1331 faciem
538 1268 681 1352 patentia
695 1282 769 1331 sunt
792 1269 896 1331 minus
920 1268 1106 1354 improvide
1132 1271 1310 1359 circunspi-

149 1356 246 1431 ciem,
263 1355 425 1441 quoddam
441 1355 585 1419 foramen
600 1354 675 1419 licet
690 1355 775 1419 exile
790 1368 824 1419 et
838 1354 1065 1439 permodicum
1087 1356 1310 1445 inoppillatum

151 1442 321 1506 inscienter
351 1442 526 1519 desereret,
555 1455 589 1505 et
618 1442 832 1527 negligentius
861 1441 1087 1508 obliviscendo
1118 1448 1309 1531 praeteriret.

153 1528 224 1593 Nec
254 1531 369 1591 mirum
400 1528 425 1590 si
456 1552 519 1592 non
544 1530 688 1593 foramen
715 1530 794 1592 illud
815 1528 985 1598 advertere
1008 1531 1135 1615 potuit,
1165 1534 1310 1623 quonism

151 1616 269 1679 terebri
295 1615 386 1678 tnrins
413 1631 609 1679 transmeatu
633 1639 699 1679 non
723 1616 857 1699 amplius
881 1616 998 1701 patuit.
1057 1618 1212 1709 Eratque
1238 1622 1309 1687 illud

151 1726 215 1766 non
230 1702 393 1765 fortnninis
410 1703 572 1766 terebrata
588 1703 795 1767 transmeatio
810 1702 867 1766 sed
883 1703 1028 1787 operculi
1043 1717 1080 1769 et
1098 1708 1224 1774 tumuli
1238 1708 1311 1775 inse·

150 1790 241 1853 rioris
258 1812 321 1852 non
337 1790 509 1873 perfectius
525 1804 558 1853 et
573 1789 704 1853 solidius
720 1790 848 1865 acclusi,
864 1789 1002 1853 hiatnroe
1013 1794 1163 1875 patentis
1179 1796 1309 1881 apertio.

155 1877 300 1960 Contigit
325 1875 432 1962 itaque
457 1875 559 1939 virum
581 1877 798 1941 venerabilem
825 1875 1003 1953 Elfredum,
1022 1881 1216 1947 necessario
1230 1882 1310 1948 effla-

150 1964 273 2048 gitante
288 1964 430 2047 negotio,
448 1962 560 2062 quovis
586 1963 712 2047 longius
735 1964 920 2041 abscedere,
945 1976 981 2027 et
998 1962 1033 2027 in
1054 1969 1200 2051 regione
1215 1970 1310 2035 alteri

151 2064 329 2135 occupante.
355 2050 549 2114 necessitatis
573 2050 702 2115 fastidio
726 2051 947 2115 demorantem
969 2073 1037 2115 non
1058 2052 1160 2119 citius
1181 2056 1310 2121 domum

151 2139 299 2201 tardante
323 2137 454 2221 negotio
477 2137 653 2201 advenisse.
705 2137 813 2201 lterim
836 2138 906 2201 fera
927 2138 1079 2223 quaedarn
1096 2142 1310 2209 subterranea

151 2248 225 2311 qum
251 2248 315 2287 non
342 2248 411 2287 csse
435 2224 611 2288 dinoscitur
634 2224 738 2289 bestia
760 2224 891 2309 pecudis
913 2224 971 2289 sed
993 2226 1114 2311 reptile
1141 2232 1308 2316 quoddam

151 2324 314 2375 terrenum
344 2311 458 2375 animm
487 2311 633 2387 viventis,
662 2312 808 2375 clanculo
837 2311 878 2375 de
908 2310 1066 2377 foramine
1092 2316 1308 2383 subterraneo

151 2398 365 2483 progreditur,
379 2398 437 2461 sed
449 2398 502 2460 illo
513 2422 587 2462 casu
597 2398 814 2483 praeveniente
826 2398 867 2462 ad
879 2397 975 2483 ipsius
987 2398 1133 2465 reditum
1145 2404 1307 2483 obstruso,

151 2485 236 2549 omni
252 2484 454 2569 regrediendi
469 2508 525 2570 spe
541 2488 730 2570 privaretur.
779 2486 859 2549 Erat
876 2508 992 2569 nempe
1007 2486 1178 2572 quoddam
1193 2492 1309 2577 reptile

151 2573 192 2637 de
217 2576 354 2635 murium
370 2595 500 2657 genere,
516 2573 605 2658 quod
626 2573 722 2636 soetus
740 2573 810 2657 jam
833 2571 949 2636 maturi
970 2574 1082 2657 parties
1097 2592 1308 2663 conceperat,

151 2661 209 2723 sed
235 2661 383 2723 obstruso
410 2659 508 2722 nativi
535 2659 690 2723 foramine.
717 2659 901 2735 habitaculi,
925 2660 1033 2723 locum
1055 2663 1307 2731 convenientem

151 2746 257 2831 partui
274 2770 336 2809 non
352 2747 502 2810 habebat.
551 2746 662 2810 Voluit
686 2745 815 2833 quidem
832 2759 866 2810 et
881 2745 1048 2830 expedivit
1062 2747 1175 2813 locum
1190 2752 1308 2839 quietis

151 2833 184 2896 in
198 2833 260 2897 hoc
276 2856 355 2918 opus
372 2847 537 2917 expetere,
554 2846 590 2897 nt
606 2835 664 2896 sub
687 2833 796 2919 quietd
818 2856 898 2918 pace
921 2846 1029 2918 posset
1044 2834 1181 2901 liberius
1195 2852 1310 2923 partu·

151 2920 235 2985 rire:
263 2920 317 2983 nbi
341 2919 437 2983 foetus
460 2943 533 2983 snos
557 2920 682 2984 tutioris
705 2922 765 2984 sub
791 2920 919 3005 hospitii
939 2919 1115 2985 munimine
1129 2938 1310 3010 reponeret

151 3020 185 3071 et
208 3006 323 3071 nullius
346 3008 505 3091 praedonis
521 3006 641 3091 rapinae
656 3009 787 3093 laqueos
802 3007 1012 3082 formidarem
1034 3008 1143 3073 sedet
1158 3010 1310 3079 ciborum

153 3094 311 3194 pascualis
334 3094 506 3180 quaeritans
521 3094 617 3157 foetus
633 3117 706 3157 curn
721 3093 892 3158 securitate
905 3094 1069 3158 desereret
1084 3107 1119 3159 et
1132 3098 1310 3167 redeundo

152 3204 235 3267 ipsos
251 3182 425 3246 salviscum
441 3180 626 3265 integritate
645 3181 802 3266 reperiret
815 3204 824 3256 ;
847 3204 907 3245 nec
928 3181 1158 3247 offendiculum
1174 3208 1221 3251 ex
1235 3188 1311 3273 pul.

152 3291 227 3334 vere
251 3291 377 3354 semper
400 3269 588 3332 naturaliter
610 3268 807 3332 diminuente
831 3268 1006 3352 susciperet
1028 3291 1088 3332 nec
1111 3270 1231 3369 lapidis
1255 3274 1312 3341 vel

152 3356 299 3420 caementi
315 3355 447 3440 gravida
461 3355 630 3419 difficultas
653 3354 771 3419 teneris
794 3355 1058 3439 impedimentum
1080 3356 1216 3423 foeubus
1230 3383 1312 3446 pro-

151 3457 285 3508 crearet.
335 3443 516 3506 Excurrens
539 3442 636 3526 igitur
659 3456 755 3529 atque
778 3441 956 3506 discurrens
981 3442 1111 3507 tandem
1126 3448 1312 3515 venerandi

155 3529 318 3594 Pontificis
342 3530 523 3614 sepulcrum
547 3529 635 3605 adiit,
662 3543 695 3593 et
718 3530 777 3593 sub
802 3528 1066 3593 vestimentorum
1093 3532 1311 3615 operimentis

150 3619 308 3702 reptando
324 3630 357 3681 et
372 3616 526 3681 hoerendo
541 3616 679 3693 subiens,
696 3615 842 3701 praedicti
861 3615 1022 3679 foraminis
1045 3616 1169 3681 aditum
1193 3622 1312 3687 subin-

150 3704 256 3769 travit.
305 3705 348 3767 Et
377 3704 453 3789 quia
482 3718 606 3788 aparte
636 3704 755 3786 pedum
784 3702 927 3766 foramen
953 3702 1032 3766 illud
1061 3704 1256 3787 eminuerat,
1274 3710 1310 3775 in

151 3791 268 3875 angulo
284 3790 426 3855 inferiori
441 3790 577 3854 domatis
594 3790 675 3854 infra
690 3790 870 3874 sepulcrum
887 3789 983 3853 foetus
1007 3790 1123 3855 maturi
1146 3796 1310 3880 temporis

151 3878 344 3963 exponendo
360 3878 497 3941 educare
513 3878 689 3960 delegerat.
736 3876 812 3940 Non
828 3876 912 3940 enim
928 3877 1068 3941 audebat
1086 3877 1119 3939 in
1134 3881 1312 3964 superiora

150 3964 386 4049 progrediendo
402 3965 572 4042 excedere,
589 3987 648 4027 neo
671 3964 932 4027 indumentorum
957 3964 1189 4049 pontificalium
1211 3990 1311 4035 sanc-

152 4064 186 4114 ta
218 4051 388 4115 immundis
422 4052 621 4116 contactibus
653 4050 853 4128 attaminare,
870 4073 930 4113 nec
955 4051 1057 4135 palliis
1081 4064 1115 4114 et
1141 4056 1308 4123 stratoriis

151 4136 268 4212 sericis,
285 4160 344 4200 neo
359 4141 527 4224 purpureis
543 4137 675 4201 sudariis
688 4160 721 4201 se
734 4137 926 4201 involvendo
935 4139 985 4201 vel
998 4138 1187 4203 inhaerendo
1201 4138 1307 4210 etiam

152 4222 202 4285 vel
233 4225 451 4308 appropiando
481 4227 679 4308 contingere.
737 4224 854 4287 Sensus
880 4224 1010 4310 quidem
1037 4225 1066 4288 ei
1096 4248 1161 4289 non
1182 4227 1304 4311 defuit,

153 4327 192 4368 eo
207 4308 295 4393 qnod
309 4311 389 4374 sacri
407 4310 571 4374 Pontificis
586 4308 779 4395 presentiam
795 4311 928 4395 amplius
952 4312 1116 4376 offendere
1136 4335 1202 4377 non
1217 4338 1306 4401 prte-
