<?xml version="1.0" encoding="UTF-8"?>
<!DOCTYPE html PUBLIC "-//W3C//DTD XHTML 1.0 Transitional//EN"
    "http://www.w3.org/TR/xhtml1/DTD/xhtml1-transitional.dtd">
<html xmlns="http://www.w3.org/1999/xhtml" xml:lang="en" lang="en">
 <head>
  <title>
</title>
<meta http-equiv="Content-Type" content="text/html;charset=utf-8" />
  <meta name='ocr-system' content='tesseract 3.04.00' />
  <meta name='ocr-capabilities' content='ocr_page ocr_carea ocr_par ocr_line ocrx_word'/>
</head>
<body>
  <div class='ocr_page' id='page_1' title='image "./reginaldimonach00regigoog_0058.png"; bbox 0 0 2924 4966; ppageno 0'>
   <div class='ocr_carea' id='block_1_1' title="bbox 151 382 937 447">
    <p class='ocr_par' dir='ltr' id='par_1_1' title="bbox 151 382 937 447">
     <span class='ocr_line' id='line_1_1' title="bbox 151 382 937 447; baseline 0 -2"><span class='ocrx_word' id='word_1_1' title='bbox 151 382 199 447; x_wconf 77' lang='lat'><strong>38</strong></span> <span class='ocrx_word' id='word_1_2' title='bbox 501 396 716 445; x_wconf 78' lang='lat' dir='ltr'><strong>naotsstm</strong></span> <span class='ocrx_word' id='word_1_3' title='bbox 747 394 937 447; x_wconf 70' lang='lat' dir='ltr'><strong>nossent</strong></span> 
     </span>
    </p>
   </div>
   <div class='ocr_carea' id='block_1_2' title="bbox 151 556 1364 4452">
    <p class='ocr_par' dir='ltr' id='par_1_2' title="bbox 151 556 1364 2891">
     <span class='ocr_line' id='line_1_2' title="bbox 151 556 1308 647; baseline 0.002 -26"><span class='ocrx_word' id='word_1_4' title='bbox 151 558 322 629; x_wconf 84' lang='lat' dir='ltr'><strong>rectitudo,</strong></span> <span class='ocrx_word' id='word_1_5' title='bbox 348 558 423 644; x_wconf 90' lang='lat' dir='ltr'><strong>quia</strong></span> <span class='ocrx_word' id='word_1_6' title='bbox 448 557 613 621; x_wconf 74' lang='lat' dir='ltr'><strong>deviantes</strong></span> <span class='ocrx_word' id='word_1_7' title='bbox 639 557 821 623; x_wconf 89' lang='lat' dir='ltr'><strong>revocando</strong></span> <span class='ocrx_word' id='word_1_8' title='bbox 846 556 1014 643; x_wconf 68' lang='lat' dir='ltr'><strong>corrigitt</strong></span> <span class='ocrx_word' id='word_1_9' title='bbox 1052 558 1308 647; x_wconf 70' lang='lat' dir='ltr'><strong>aemulmiaquia</strong></span> 
     </span>
     <span class='ocr_line' id='line_1_3' title="bbox 153 644 1308 730; baseline 0.001 -22"><span class='ocrx_word' id='word_1_10' title='bbox 153 646 232 709; x_wconf 71' lang='lat' dir='ltr'><strong>nririt</strong></span> <span class='ocrx_word' id='word_1_11' title='bbox 247 644 472 729; x_wconf 66' lang='lat' dir='ltr'>compassionis</span> <span class='ocrx_word' id='word_1_12' title='bbox 487 644 711 722; x_wconf 89' lang='lat' dir='ltr'><strong>sollicitudine,</strong></span> <span class='ocrx_word' id='word_1_13' title='bbox 724 644 777 709; x_wconf 90' lang='lat' dir='ltr'><strong>die</strong></span> <span class='ocrx_word' id='word_1_14' title='bbox 792 658 974 730; x_wconf 91' lang='lat' dir='ltr'><strong>noctuque,</strong></span> <span class='ocrx_word' id='word_1_15' title='bbox 988 668 1029 709; x_wconf 86' lang='lat' dir='ltr'><strong>su</strong></span> <span class='ocrx_word' id='word_1_16' title='bbox 1081 668 1100 711; x_wconf 92' lang='lat' dir='ltr'><strong>r</strong></span> <span class='ocrx_word' id='word_1_17' title='bbox 1115 646 1180 711; x_wconf 84' lang='lat' dir='ltr'><strong>sibi</strong></span> <span class='ocrx_word' id='word_1_18' title='bbox 1195 646 1308 711; x_wconf 81' lang='lat' dir='ltr'><strong>devotus</strong></span> 
     </span>
     <span class='ocr_line' id='line_1_4' title="bbox 154 730 1308 803; baseline 0.001 -9"><span class='ocrx_word' id='word_1_19' title='bbox 154 730 302 795; x_wconf 86' lang='lat' dir='ltr'><strong>interulit.</strong></span> <span class='ocrx_word' id='word_1_20' title='bbox 360 732 443 803; x_wconf 79' lang='lat' dir='ltr'><strong>Qum</strong></span> <span class='ocrx_word' id='word_1_21' title='bbox 462 732 569 794; x_wconf 89' lang='lat' dir='ltr'><strong>omnia</strong></span> <span class='ocrx_word' id='word_1_22' title='bbox 583 731 707 795; x_wconf 70' lang='lat' dir='ltr'><strong>caeteris</strong></span> <span class='ocrx_word' id='word_1_23' title='bbox 732 732 924 794; x_wconf 88' lang='lat' dir='ltr'><strong>Sanctorum</strong></span> <span class='ocrx_word' id='word_1_24' title='bbox 943 752 1035 797; x_wconf 87' lang='lat' dir='ltr'><strong>exce</strong></span> <span class='ocrx_word' id='word_1_25' title='bbox 1064 732 1180 798; x_wconf 85' lang='lat' dir='ltr'><strong>eutius</strong></span> <span class='ocrx_word' id='word_1_26' title='bbox 1210 732 1308 797; x_wconf 62' lang='lat' dir='ltr'><strong>&amp;aaa</strong></span> 
     </span>
     <span class='ocr_line' id='line_1_5' title="bbox 156 815 1308 903; baseline -0.002 -20"><span class='ocrx_word' id='word_1_27' title='bbox 156 818 354 883; x_wconf 75' lang='lat' dir='ltr'><strong>Cutlrltertns</strong></span> <span class='ocrx_word' id='word_1_28' title='bbox 369 818 515 881; x_wconf 89' lang='lat' dir='ltr'><strong>obtinere</strong></span> <span class='ocrx_word' id='word_1_29' title='bbox 527 818 713 894; x_wconf 76' lang='lat' dir='ltr'><strong>dinoscitur,</strong></span> <span class='ocrx_word' id='word_1_30' title='bbox 723 840 788 903; x_wconf 91' lang='lat' dir='ltr'><strong>quo</strong></span> <span class='ocrx_word' id='word_1_31' title='bbox 799 815 896 901; x_wconf 89' lang='lat' dir='ltr'><strong>ipsius</strong></span> <span class='ocrx_word' id='word_1_32' title='bbox 908 816 1125 901; x_wconf 82' lang='lat' dir='ltr'><strong>dignationis</strong></span> <span class='ocrx_word' id='word_1_33' title='bbox 1134 818 1308 885; x_wconf 84' lang='lat' dir='ltr'><strong>beneficium</strong></span> 
     </span>
     <span class='ocr_line' id='line_1_6' title="bbox 153 902 1307 990; baseline 0.003 -22"><span class='ocrx_word' id='word_1_34' title='bbox 153 928 226 969; x_wconf 95' lang='lat' dir='ltr'><strong>cmn</strong></span> <span class='ocrx_word' id='word_1_35' title='bbox 239 904 411 967; x_wconf 89' lang='lat' dir='ltr'><strong>devotione</strong></span> <span class='ocrx_word' id='word_1_36' title='bbox 428 904 660 987; x_wconf 75' lang='lat' dir='ltr'><strong>postulantibus</strong></span> <span class='ocrx_word' id='word_1_37' title='bbox 676 902 850 988; x_wconf 84' lang='lat' dir='ltr'><strong>promptius</strong></span> <span class='ocrx_word' id='word_1_38' title='bbox 865 902 1051 969; x_wconf 88' lang='lat' dir='ltr'><strong>invenitur.</strong></span> <span class='ocrx_word' id='word_1_39' title='bbox 1108 906 1214 981; x_wconf 86' lang='lat' dir='ltr'><strong>Quod</strong></span> <span class='ocrx_word' id='word_1_40' title='bbox 1227 903 1307 990; x_wconf 61' lang='lat' dir='ltr'><strong>mapa</strong></span> 
     </span>
     <span class='ocr_line' id='line_1_7' title="bbox 154 988 1308 1091; baseline 0 -36"><span class='ocrx_word' id='word_1_41' title='bbox 154 992 363 1075; x_wconf 88' lang='lat' dir='ltr'><strong>comprobare</strong></span> <span class='ocrx_word' id='word_1_42' title='bbox 376 1013 541 1075; x_wconf 87' lang='lat' dir='ltr'><strong>possumus</strong></span> <span class='ocrx_word' id='word_1_43' title='bbox 556 1014 598 1053; x_wconf 88' lang='lat' dir='ltr'><strong>ex</strong></span> <span class='ocrx_word' id='word_1_44' title='bbox 615 990 768 1053; x_wconf 87' lang='lat' dir='ltr'><strong>virtutum</strong></span> <span class='ocrx_word' id='word_1_45' title='bbox 784 988 944 1053; x_wconf 81' lang='lat' dir='ltr'><strong>miraculis</strong></span> <span class='ocrx_word' id='word_1_46' title='bbox 960 1012 1069 1077; x_wconf 90' lang='lat' dir='ltr'><strong>quam</strong></span> <span class='ocrx_word' id='word_1_47' title='bbox 1086 990 1308 1091; x_wconf 76' lang='lat' dir='ltr'><strong>expolitoeelo·</strong></span> 
     </span>
     <span class='ocr_line' id='line_1_8' title="bbox 155 1074 1307 1163; baseline 0 -22"><span class='ocrx_word' id='word_1_48' title='bbox 155 1100 166 1141; x_wconf 81' lang='lat' dir='ltr'><strong>t</strong></span> <span class='ocrx_word' id='word_1_49' title='bbox 179 1077 296 1141; x_wconf 82' lang='lat' dir='ltr'><strong>nentia·</strong></span> <span class='ocrx_word' id='word_1_50' title='bbox 305 1077 510 1141; x_wconf 84' lang='lat' dir='ltr'><strong>ornamentis.</strong></span> <span class='ocrx_word' id='word_1_51' title='bbox 538 1078 625 1161; x_wconf 82' lang='lat' dir='ltr'><strong>Ergo</strong></span> <span class='ocrx_word' id='word_1_52' title='bbox 635 1076 766 1162; x_wconf 89' lang='lat' dir='ltr'><strong>aliquid,</strong></span> <span class='ocrx_word' id='word_1_53' title='bbox 776 1074 915 1159; x_wconf 88' lang='lat' dir='ltr'><strong>exempli</strong></span> <span class='ocrx_word' id='word_1_54' title='bbox 926 1078 1037 1161; x_wconf 73' lang='lat' dir='ltr'><strong>gratia</strong></span> <span class='ocrx_word' id='word_1_55' title='bbox 1047 1078 1307 1163; x_wconf 77' lang='lat' dir='ltr'><strong>subjiciamus3ut</strong></span> 
     </span>
     <span class='ocr_line' id='line_1_9' title="bbox 155 1104 1307 1249; baseline 0 -22"><span class='ocrx_word' id='word_1_56' title='bbox 155 1104 196 1227; x_wconf 90' lang='lat' dir='ltr'><strong>de</strong></span> <span class='ocrx_word' id='word_1_57' title='bbox 214 1164 306 1226; x_wconf 92' lang='lat' dir='ltr'><strong>unius</strong></span> <span class='ocrx_word' id='word_1_58' title='bbox 321 1164 437 1227; x_wconf 86' lang='lat' dir='ltr'><strong>effectu</strong></span> <span class='ocrx_word' id='word_1_59' title='bbox 454 1163 596 1227; x_wconf 85' lang='lat' dir='ltr'><strong>miraculi</strong></span> <span class='ocrx_word' id='word_1_60' title='bbox 610 1178 729 1226; x_wconf 75' lang='lat' dir='ltr'><strong>catera</strong></span> <span class='ocrx_word' id='word_1_61' title='bbox 749 1162 926 1227; x_wconf 86' lang='lat' dir='ltr'><strong>consimilia</strong></span> <span class='ocrx_word' id='word_1_62' title='bbox 940 1166 1220 1249; x_wconf 81' lang='lat' dir='ltr'><strong>comprobemus.</strong></span> <span class='ocrx_word' id='word_1_63' title='bbox 1263 1162 1307 1227; x_wconf 80' lang='lat' dir='ltr'><strong>Vu</strong></span> 
     </span>
     <span class='ocr_line' id='line_1_10' title="bbox 155 1248 1307 1336; baseline 0.003 -25"><span class='ocrx_word' id='word_1_64' title='bbox 155 1250 285 1335; x_wconf 80' lang='lat' dir='ltr'><strong>‹ptidum</strong></span> <span class='ocrx_word' id='word_1_65' title='bbox 313 1249 344 1311; x_wconf 95' lang='lat' dir='ltr'><strong>in</strong></span> <span class='ocrx_word' id='word_1_66' title='bbox 360 1249 533 1336; x_wconf 71' lang='lat' dir='ltr'><strong>longinquis</strong></span> <span class='ocrx_word' id='word_1_67' title='bbox 551 1249 745 1313; x_wconf 79' lang='lat' dir='ltr'><strong>Australium</strong></span> <span class='ocrx_word' id='word_1_68' title='bbox 770 1248 947 1333; x_wconf 83' lang='lat' dir='ltr'><strong>Auglorum</strong></span> <span class='ocrx_word' id='word_1_69' title='bbox 967 1250 1116 1335; x_wconf 81' lang='lat' dir='ltr'><strong>regione</strong></span> <span class='ocrx_word' id='word_1_70' title='bbox 1140 1252 1307 1327; x_wconf 86' lang='lat' dir='ltr'><strong>exstiterat,</strong></span> 
     </span>
     <span class='ocr_line' id='line_1_11' title="bbox 155 1334 1307 1423; baseline 0.002 -24"><span class='ocrx_word' id='word_1_71' title='bbox 155 1360 165 1399; x_wconf 88' lang='lat' dir='ltr'><strong>t</strong></span> <span class='ocrx_word' id='word_1_72' title='bbox 179 1336 207 1397; x_wconf 93' lang='lat' dir='ltr'><strong>ui</strong></span> <span class='ocrx_word' id='word_1_73' title='bbox 231 1336 341 1399; x_wconf 77' lang='lat' dir='ltr'><strong>nndtre</strong></span> <span class='ocrx_word' id='word_1_74' title='bbox 361 1335 535 1400; x_wconf 87' lang='lat' dir='ltr'><strong>nobilitatis</strong></span> <span class='ocrx_word' id='word_1_75' title='bbox 550 1336 653 1419; x_wconf 73' lang='lat' dir='ltr'><strong>gratia</strong></span> <span class='ocrx_word' id='word_1_76' title='bbox 668 1336 750 1399; x_wconf 86' lang='lat' dir='ltr'><strong>inter</strong></span> <span class='ocrx_word' id='word_1_77' title='bbox 765 1334 1050 1419; x_wconf 79' lang='lat' dir='ltr'><strong>comprovintiales</strong></span> <span class='ocrx_word' id='word_1_78' title='bbox 1072 1338 1229 1423; x_wconf 89' lang='lat' dir='ltr'><strong>preditus</strong></span> <span class='ocrx_word' id='word_1_79' title='bbox 1243 1348 1307 1403; x_wconf 81' lang='lat' dir='ltr'><strong>erat.</strong></span> 
     </span>
     <span class='ocr_line' id='line_1_12' title="bbox 160 1362 1309 1511; baseline 0.002 -26"><span class='ocrx_word' id='word_1_80' title='bbox 160 1362 222 1485; x_wconf 88' lang='lat' dir='ltr'><strong>ilic</strong></span> <span class='ocrx_word' id='word_1_81' title='bbox 239 1438 303 1487; x_wconf 89' lang='lat' dir='ltr'><strong>tarn</strong></span> <span class='ocrx_word' id='word_1_82' title='bbox 319 1423 459 1505; x_wconf 89' lang='lat' dir='ltr'><strong>corporis</strong></span> <span class='ocrx_word' id='word_1_83' title='bbox 480 1422 546 1486; x_wconf 89' lang='lat' dir='ltr'><strong>sani</strong></span> <span class='ocrx_word' id='word_1_84' title='bbox 563 1422 682 1486; x_wconf 89' lang='lat' dir='ltr'><strong>virtute</strong></span> <span class='ocrx_word' id='word_1_85' title='bbox 701 1422 874 1507; x_wconf 84' lang='lat' dir='ltr'><strong>gaudebat,</strong></span> <span class='ocrx_word' id='word_1_86' title='bbox 890 1444 989 1507; x_wconf 87' lang='lat' dir='ltr'><strong>quam</strong></span> <span class='ocrx_word' id='word_1_87' title='bbox 1010 1424 1107 1487; x_wconf 89' lang='lat' dir='ltr'><strong>omui</strong></span> <span class='ocrx_word' id='word_1_88' title='bbox 1127 1422 1309 1511; x_wconf 79' lang='lat' dir='ltr'><strong>prosperita·</strong></span> 
     </span>
     <span class='ocr_line' id='line_1_13' title="bbox 157 1508 1309 1593; baseline 0.003 -21"><span class='ocrx_word' id='word_1_89' title='bbox 157 1509 198 1572; x_wconf 89' lang='lat' dir='ltr'><strong>tis</strong></span> <span class='ocrx_word' id='word_1_90' title='bbox 218 1509 401 1583; x_wconf 77' lang='lat' dir='ltr'><strong>allluentitl3</strong></span> <span class='ocrx_word' id='word_1_91' title='bbox 425 1523 458 1573; x_wconf 89' lang='lat' dir='ltr'><strong>et</strong></span> <span class='ocrx_word' id='word_1_92' title='bbox 488 1509 671 1572; x_wconf 85' lang='lat' dir='ltr'><strong>divitiarum</strong></span> <span class='ocrx_word' id='word_1_93' title='bbox 690 1508 792 1593; x_wconf 75' lang='lat' dir='ltr'><strong>gloriil</strong></span> <span class='ocrx_word' id='word_1_94' title='bbox 817 1520 953 1573; x_wconf 74' lang='lat' dir='ltr'><strong>ceteros</strong></span> <span class='ocrx_word' id='word_1_95' title='bbox 980 1510 1191 1576; x_wconf 77' lang='lat' dir='ltr'><strong>excedebat.</strong></span> <span class='ocrx_word' id='word_1_96' title='bbox 1251 1508 1309 1575; x_wconf 77' lang='lat' dir='ltr'><strong>Ns</strong></span> 
     </span>
     <span class='ocr_line' id='line_1_14' title="bbox 156 1594 1311 1695; baseline 0.002 -36"><span class='ocrx_word' id='word_1_97' title='bbox 156 1596 277 1695; x_wconf 85' lang='lat' dir='ltr'><strong>aliquid</strong></span> <span class='ocrx_word' id='word_1_98' title='bbox 292 1595 321 1659; x_wconf 92' lang='lat' dir='ltr'><strong>ci</strong></span> <span class='ocrx_word' id='word_1_99' title='bbox 335 1596 366 1658; x_wconf 93' lang='lat' dir='ltr'><strong>in</strong></span> <span class='ocrx_word' id='word_1_100' title='bbox 378 1596 538 1659; x_wconf 72' lang='lat' dir='ltr'><strong>mundana</strong></span> <span class='ocrx_word' id='word_1_101' title='bbox 558 1595 660 1679; x_wconf 74' lang='lat' dir='ltr'><strong>gloria</strong></span> <span class='ocrx_word' id='word_1_102' title='bbox 677 1596 789 1659; x_wconf 89' lang='lat' dir='ltr'><strong>deerat</strong></span> <span class='ocrx_word' id='word_1_103' title='bbox 808 1594 896 1681; x_wconf 92' lang='lat' dir='ltr'><strong>quod</strong></span> <span class='ocrx_word' id='word_1_104' title='bbox 910 1594 1009 1657; x_wconf 89' lang='lat' dir='ltr'><strong>animi</strong></span> <span class='ocrx_word' id='word_1_105' title='bbox 1025 1596 1204 1695; x_wconf 72' lang='lat' dir='ltr'><strong>appetitus</strong></span> <span class='ocrx_word' id='word_1_106' title='bbox 1219 1596 1311 1663; x_wconf 84' lang='lat' dir='ltr'><strong>delec-</strong></span> 
     </span>
     <span class='ocr_line' id='line_1_15' title="bbox 158 1680 1364 1771; baseline 0.002 -26"><span class='ocrx_word' id='word_1_107' title='bbox 158 1682 286 1745; x_wconf 82' lang='lat' dir='ltr'><strong>tationis</strong></span> <span class='ocrx_word' id='word_1_108' title='bbox 302 1682 508 1745; x_wconf 90' lang='lat' dir='ltr'><strong>condimento</strong></span> <span class='ocrx_word' id='word_1_109' title='bbox 523 1705 677 1746; x_wconf 90' lang='lat' dir='ltr'><strong>renovare</strong></span> <span class='ocrx_word' id='word_1_110' title='bbox 693 1682 840 1745; x_wconf 88' lang='lat' dir='ltr'><strong>decebat.</strong></span> <span class='ocrx_word' id='word_1_111' title='bbox 886 1680 1017 1745; x_wconf 77' lang='lat' dir='ltr'><strong>Divirua</strong></span> <span class='ocrx_word' id='word_1_112' title='bbox 1032 1680 1142 1767; x_wconf 77' lang='lat' dir='ltr'><strong>igitur</strong></span> <span class='ocrx_word' id='word_1_113' title='bbox 1157 1684 1311 1771; x_wconf 83' lang='lat' dir='ltr'><strong>dispensa·</strong></span> <span class='ocrx_word' id='word_1_114' title='bbox 1361 1736 1364 1741; x_wconf 95' lang='lat'><strong>.</strong></span> 
     </span>
     <span class='ocr_line' id='line_1_16' title="bbox 158 1767 1312 1853; baseline 0.004 -22"><span class='ocrx_word' id='word_1_115' title='bbox 158 1768 253 1831; x_wconf 90' lang='lat' dir='ltr'><strong>tionis</strong></span> <span class='ocrx_word' id='word_1_116' title='bbox 269 1768 485 1833; x_wconf 80' lang='lat' dir='ltr'><strong>moderamine</strong></span> <span class='ocrx_word' id='word_1_117' title='bbox 501 1769 614 1833; x_wconf 89' lang='lat' dir='ltr'><strong>accidit</strong></span> <span class='ocrx_word' id='word_1_118' title='bbox 633 1783 666 1832; x_wconf 90' lang='lat' dir='ltr'><strong>ut</strong></span> <span class='ocrx_word' id='word_1_119' title='bbox 679 1770 776 1853; x_wconf 63' lang='lat' dir='ltr'><strong>lepra*</strong></span> <span class='ocrx_word' id='word_1_120' title='bbox 792 1768 938 1831; x_wconf 89' lang='lat' dir='ltr'><strong>morbum</strong></span> <span class='ocrx_word' id='word_1_121' title='bbox 959 1767 1081 1853; x_wconf 85' lang='lat' dir='ltr'><strong>passim</strong></span> <span class='ocrx_word' id='word_1_122' title='bbox 1102 1792 1181 1835; x_wconf 86' lang='lat' dir='ltr'><strong>eam</strong></span> <span class='ocrx_word' id='word_1_123' title='bbox 1202 1769 1312 1835; x_wconf 71' lang='lat' dir='ltr'><strong>enuai·</strong></span> 
     </span>
     <span class='ocr_line' id='line_1_17' title="bbox 158 1854 1311 1939; baseline 0.004 -21"><span class='ocrx_word' id='word_1_124' title='bbox 158 1856 243 1919; x_wconf 89' lang='lat' dir='ltr'><strong>cudo</strong></span> <span class='ocrx_word' id='word_1_125' title='bbox 259 1854 445 1933; x_wconf 88' lang='lat' dir='ltr'><strong>incurreret,</strong></span> <span class='ocrx_word' id='word_1_126' title='bbox 462 1856 508 1919; x_wconf 89' lang='lat' dir='ltr'><strong>ita</strong></span> <span class='ocrx_word' id='word_1_127' title='bbox 531 1869 576 1931; x_wconf 92' lang='lat' dir='ltr'><strong>ut,</strong></span> <span class='ocrx_word' id='word_1_128' title='bbox 593 1855 720 1919; x_wconf 92' lang='lat' dir='ltr'><strong>modico</strong></span> <span class='ocrx_word' id='word_1_129' title='bbox 735 1854 926 1939; x_wconf 88' lang='lat' dir='ltr'><strong>interposito</strong></span> <span class='ocrx_word' id='word_1_130' title='bbox 939 1867 1103 1939; x_wconf 87' lang='lat' dir='ltr'><strong>tempore,</strong></span> <span class='ocrx_word' id='word_1_131' title='bbox 1123 1870 1201 1923; x_wconf 84' lang='lat' dir='ltr'><strong>tota</strong></span> <span class='ocrx_word' id='word_1_132' title='bbox 1215 1857 1311 1923; x_wconf 75' lang='lat' dir='ltr'><strong>vultis</strong></span> 
     </span>
     <span class='ocr_line' id='line_1_18' title="bbox 159 1941 1312 2025; baseline 0.002 -20"><span class='ocrx_word' id='word_1_133' title='bbox 159 1941 242 2005; x_wconf 87' lang='lat' dir='ltr'><strong>illius</strong></span> <span class='ocrx_word' id='word_1_134' title='bbox 272 1941 454 2024; x_wconf 86' lang='lat' dir='ltr'><strong>superlicies</strong></span> <span class='ocrx_word' id='word_1_135' title='bbox 480 1942 639 2006; x_wconf 88' lang='lat' dir='ltr'><strong>horribilis</strong></span> <span class='ocrx_word' id='word_1_136' title='bbox 665 1941 847 2005; x_wconf 92' lang='lat' dir='ltr'><strong>videntibus</strong></span> <span class='ocrx_word' id='word_1_137' title='bbox 876 1953 1058 2025; x_wconf 83' lang='lat' dir='ltr'><strong>appareret.</strong></span> <span class='ocrx_word' id='word_1_138' title='bbox 1112 1942 1192 2007; x_wconf 86' lang='lat' dir='ltr'><strong>Suis</strong></span> <span class='ocrx_word' id='word_1_139' title='bbox 1223 1944 1312 2009; x_wconf 87' lang='lat' dir='ltr'><strong>etiam</strong></span> 
     </span>
     <span class='ocr_line' id='line_1_19' title="bbox 158 2026 1312 2125; baseline 0.001 -35"><span class='ocrx_word' id='word_1_140' title='bbox 158 2028 363 2125; x_wconf 85' lang='lat' dir='ltr'><strong>quandoque,</strong></span> <span class='ocrx_word' id='word_1_141' title='bbox 380 2028 466 2092; x_wconf 80' lang='lat' dir='ltr'><strong>sarrie</strong></span> <span class='ocrx_word' id='word_1_142' title='bbox 483 2030 625 2092; x_wconf 89' lang='lat' dir='ltr'><strong>ulcerum</strong></span> <span class='ocrx_word' id='word_1_143' title='bbox 639 2029 812 2105; x_wconf 87' lang='lat' dir='ltr'><strong>defluente,</strong></span> <span class='ocrx_word' id='word_1_144' title='bbox 829 2027 931 2092; x_wconf 89' lang='lat' dir='ltr'><strong>sactus</strong></span> <span class='ocrx_word' id='word_1_145' title='bbox 946 2040 995 2091; x_wconf 87' lang='lat' dir='ltr'><strong>est</strong></span> <span class='ocrx_word' id='word_1_146' title='bbox 1011 2026 1180 2093; x_wconf 87' lang='lat' dir='ltr'><strong>evitabilis</strong></span> <span class='ocrx_word' id='word_1_147' title='bbox 1198 2054 1210 2107; x_wconf 76' lang='grc' dir='ltr'><strong>ς</strong></span> <span class='ocrx_word' id='word_1_148' title='bbox 1239 2044 1273 2095; x_wconf 91' lang='lat' dir='ltr'><strong>et</strong></span> <span class='ocrx_word' id='word_1_149' title='bbox 1285 2028 1312 2093; x_wconf 87' lang='lat' dir='ltr'><strong>in</strong></span> 
     </span>
     <span class='ocr_line' id='line_1_20' title="bbox 158 2112 1314 2181; baseline 0.003 -2"><span class='ocrx_word' id='word_1_150' title='bbox 158 2114 310 2179; x_wconf 80' lang='lat' dir='ltr'><strong>consortii</strong></span> <span class='ocrx_word' id='word_1_151' title='bbox 333 2115 555 2178; x_wconf 89' lang='lat' dir='ltr'><strong>communione</strong></span> <span class='ocrx_word' id='word_1_152' title='bbox 577 2114 734 2179; x_wconf 91' lang='lat' dir='ltr'><strong>nonnullis</strong></span> <span class='ocrx_word' id='word_1_153' title='bbox 757 2114 889 2178; x_wconf 85' lang='lat' dir='ltr'><strong>effectus</strong></span> <span class='ocrx_word' id='word_1_154' title='bbox 909 2112 1137 2179; x_wconf 89' lang='lat' dir='ltr'><strong>intolerabilis.</strong></span> <span class='ocrx_word' id='word_1_155' title='bbox 1185 2116 1314 2181; x_wconf 78' lang='lat' dir='ltr'><strong>Diutius</strong></span> 
     </span>
     <span class='ocr_line' id='line_1_21' title="bbox 159 2200 1311 2286; baseline 0 -21"><span class='ocrx_word' id='word_1_156' title='bbox 159 2223 238 2283; x_wconf 85' lang='lat' dir='ltr'><strong>ergo</strong></span> <span class='ocrx_word' id='word_1_157' title='bbox 257 2222 320 2264; x_wconf 94' lang='lat' dir='ltr'><strong>non</strong></span> <span class='ocrx_word' id='word_1_158' title='bbox 346 2200 515 2278; x_wconf 89' lang='lat' dir='ltr'><strong>sustinens,</strong></span> <span class='ocrx_word' id='word_1_159' title='bbox 533 2201 592 2265; x_wconf 90' lang='lat' dir='ltr'><strong>illis</strong></span> <span class='ocrx_word' id='word_1_160' title='bbox 616 2202 777 2286; x_wconf 72' lang='lat' dir='ltr'><strong>praecipue</strong></span> <span class='ocrx_word' id='word_1_161' title='bbox 805 2202 995 2265; x_wconf 87' lang='lat' dir='ltr'><strong>Sanctorum</strong></span> <span class='ocrx_word' id='word_1_162' title='bbox 1016 2212 1137 2265; x_wconf 84' lang='lat' dir='ltr'><strong>votum</strong></span> <span class='ocrx_word' id='word_1_163' title='bbox 1164 2202 1311 2281; x_wconf 86' lang='lat' dir='ltr'><strong>instituit,</strong></span> 
     </span>
     <span class='ocr_line' id='line_1_22' title="bbox 158 2286 1314 2373; baseline 0.005 -24"><span class='ocrx_word' id='word_1_164' title='bbox 158 2310 240 2373; x_wconf 84' lang='lat' dir='ltr'><strong>quos</strong></span> <span class='ocrx_word' id='word_1_165' title='bbox 254 2286 499 2351; x_wconf 88' lang='lat' dir='ltr'><strong>excellentiores</strong></span> <span class='ocrx_word' id='word_1_166' title='bbox 514 2289 556 2352; x_wconf 88' lang='lat' dir='ltr'><strong>de</strong></span> <span class='ocrx_word' id='word_1_167' title='bbox 575 2311 676 2373; x_wconf 85' lang='lat' dir='ltr'><strong>regno</strong></span> <span class='ocrx_word' id='word_1_168' title='bbox 698 2288 874 2372; x_wconf 85' lang='lat' dir='ltr'><strong>Anglorum</strong></span> <span class='ocrx_word' id='word_1_169' title='bbox 891 2287 976 2371; x_wconf 91' lang='lat' dir='ltr'><strong>apud</strong></span> <span class='ocrx_word' id='word_1_170' title='bbox 993 2286 1104 2351; x_wconf 93' lang='lat' dir='ltr'><strong>Deum</strong></span> <span class='ocrx_word' id='word_1_171' title='bbox 1120 2286 1197 2354; x_wconf 84' lang='lat' dir='ltr'><strong>fore</strong></span> <span class='ocrx_word' id='word_1_172' title='bbox 1209 2288 1246 2353; x_wconf 88' lang='lat' dir='ltr'><strong>in</strong></span> <span class='ocrx_word' id='word_1_173' title='bbox 1259 2312 1314 2355; x_wconf 80' lang='lat' dir='ltr'><strong>coe·</strong></span> 
     </span>
     <span class='ocr_line' id='line_1_23' title="bbox 161 2373 1314 2461; baseline 0.004 -25"><span class='ocrx_word' id='word_1_174' title='bbox 161 2373 293 2437; x_wconf 87' lang='lat' dir='ltr'><strong>lestibus</strong></span> <span class='ocrx_word' id='word_1_175' title='bbox 318 2374 465 2438; x_wconf 87' lang='lat' dir='ltr'><strong>credidit.</strong></span> <span class='ocrx_word' id='word_1_176' title='bbox 528 2376 631 2439; x_wconf 91' lang='lat' dir='ltr'><strong>Beato</strong></span> <span class='ocrx_word' id='word_1_177' title='bbox 661 2375 769 2461; x_wconf 88' lang='lat' dir='ltr'><strong>itaque</strong></span> <span class='ocrx_word' id='word_1_178' title='bbox 802 2374 994 2450; x_wconf 87' lang='lat' dir='ltr'><strong>Cuthbert0‚</strong></span> <span class='ocrx_word' id='word_1_179' title='bbox 1023 2386 1058 2438; x_wconf 92' lang='lat' dir='ltr'><strong>et</strong></span> <span class='ocrx_word' id='word_1_180' title='bbox 1084 2388 1205 2440; x_wconf 84' lang='lat' dir='ltr'><strong>sancto</strong></span> <span class='ocrx_word' id='word_1_181' title='bbox 1236 2374 1314 2461; x_wconf 80' lang='lat' dir='ltr'><strong>Regi</strong></span> 
     </span>
     <span class='ocr_line' id='line_1_24' title="bbox 160 2459 1314 2547; baseline 0.003 -24"><span class='ocrx_word' id='word_1_182' title='bbox 160 2460 360 2537; x_wconf 77' lang='lat' dir='ltr'><strong>llldmumh),</strong></span> <span class='ocrx_word' id='word_1_183' title='bbox 372 2473 403 2525; x_wconf 92' lang='lat' dir='ltr'><strong>et</strong></span> <span class='ocrx_word' id='word_1_184' title='bbox 416 2461 563 2543; x_wconf 85' lang='lat' dir='ltr'><strong>gloriosae</strong></span> <span class='ocrx_word' id='word_1_185' title='bbox 577 2462 710 2546; x_wconf 85' lang='lat' dir='ltr'><strong>lleginae</strong></span> <span class='ocrx_word' id='word_1_186' title='bbox 721 2460 961 2537; x_wconf 85' lang='lat' dir='ltr'><strong>AEtheldrithae,</strong></span> <span class='ocrx_word' id='word_1_187' title='bbox 972 2459 1040 2523; x_wconf 90' lang='lat' dir='ltr'><strong>voti</strong></span> <span class='ocrx_word' id='word_1_188' title='bbox 1049 2459 1100 2524; x_wconf 86' lang='lat' dir='ltr'><strong>sui</strong></span> <span class='ocrx_word' id='word_1_189' title='bbox 1109 2462 1314 2547; x_wconf 88' lang='lat' dir='ltr'><strong>propositum</strong></span> 
     </span>
     <span class='ocr_line' id='line_1_25' title="bbox 160 2546 1316 2635; baseline 0.004 -26"><span class='ocrx_word' id='word_1_190' title='bbox 160 2546 369 2623; x_wconf 82' lang='lat' dir='ltr'><strong>deliberavit3</strong></span> <span class='ocrx_word' id='word_1_191' title='bbox 402 2548 566 2634; x_wconf 88' lang='lat' dir='ltr'><strong>tribusque</strong></span> <span class='ocrx_word' id='word_1_192' title='bbox 590 2548 729 2613; x_wconf 90' lang='lat' dir='ltr'><strong>candelis</strong></span> <span class='ocrx_word' id='word_1_193' title='bbox 748 2548 892 2631; x_wconf 84' lang='lat' dir='ltr'><strong>ejusdem</strong></span> <span class='ocrx_word' id='word_1_194' title='bbox 914 2568 1071 2609; x_wconf 85' lang='lat' dir='ltr'><strong>mensnrae</strong></span> <span class='ocrx_word' id='word_1_195' title='bbox 1086 2559 1122 2611; x_wconf 93' lang='lat' dir='ltr'><strong>et</strong></span> <span class='ocrx_word' id='word_1_196' title='bbox 1138 2548 1316 2635; x_wconf 79' lang='lat' dir='ltr'><strong>longitudi-</strong></span> 
     </span>
     <span class='ocr_line' id='line_1_26' title="bbox 160 2632 1315 2723; baseline 0.007 -29"><span class='ocrx_word' id='word_1_197' title='bbox 160 2633 207 2696; x_wconf 87' lang='lat' dir='ltr'><strong>nis</strong></span> <span class='ocrx_word' id='word_1_198' title='bbox 230 2634 272 2697; x_wconf 86' lang='lat' dir='ltr'><strong>ad</strong></span> <span class='ocrx_word' id='word_1_199' title='bbox 295 2634 435 2717; x_wconf 90' lang='lat' dir='ltr'><strong>ipsorum</strong></span> <span class='ocrx_word' id='word_1_200' title='bbox 457 2635 612 2699; x_wconf 89' lang='lat' dir='ltr'><strong>honorem</strong></span> <span class='ocrx_word' id='word_1_201' title='bbox 634 2633 783 2710; x_wconf 69' lang='lat' dir='ltr'><strong>accensis</strong></span> <span class='ocrx_word' id='word_1_202' title='bbox 797 2634 843 2697; x_wconf 90' lang='lat' dir='ltr'><strong>ita</strong></span> <span class='ocrx_word' id='word_1_203' title='bbox 864 2632 1003 2717; x_wconf 89' lang='lat' dir='ltr'><strong>experiri</strong></span> <span class='ocrx_word' id='word_1_204' title='bbox 1025 2632 1142 2711; x_wconf 90' lang='lat' dir='ltr'><strong>voluit,</strong></span> <span class='ocrx_word' id='word_1_205' title='bbox 1160 2634 1206 2701; x_wconf 91' lang='lat' dir='ltr'><strong>de</strong></span> <span class='ocrx_word' id='word_1_206' title='bbox 1228 2636 1315 2723; x_wconf 76' lang='lat' dir='ltr'><strong>cujus</strong></span> 
     </span>
     <span class='ocr_line' id='line_1_27' title="bbox 160 2718 1316 2807; baseline 0.009 -28"><span class='ocrx_word' id='word_1_207' title='bbox 160 2733 341 2783; x_wconf 75' lang='lat' dir='ltr'><strong>satiatorum</strong></span> <span class='ocrx_word' id='word_1_208' title='bbox 371 2720 491 2784; x_wconf 91' lang='lat' dir='ltr'><strong>meritis</strong></span> <span class='ocrx_word' id='word_1_209' title='bbox 521 2745 649 2805; x_wconf 86' lang='lat' dir='ltr'><strong>sperare</strong></span> <span class='ocrx_word' id='word_1_210' title='bbox 682 2734 789 2807; x_wconf 91' lang='lat' dir='ltr'><strong>posset</strong></span> <span class='ocrx_word' id='word_1_211' title='bbox 820 2732 940 2805; x_wconf 83' lang='lat' dir='ltr'><strong>optatae</strong></span> <span class='ocrx_word' id='word_1_212' title='bbox 973 2718 1157 2785; x_wconf 89' lang='lat' dir='ltr'><strong>remedium</strong></span> <span class='ocrx_word' id='word_1_213' title='bbox 1191 2722 1316 2789; x_wconf 80' lang='lat' dir='ltr'><strong>salutis.</strong></span> 
     </span>
     <span class='ocr_line' id='line_1_28' title="bbox 165 2805 1246 2891; baseline 0.006 -23"><span class='ocrx_word' id='word_1_214' title='bbox 165 2806 290 2879; x_wconf 74' lang='lat' dir='ltr'><strong>Quibus</strong></span> <span class='ocrx_word' id='word_1_215' title='bbox 306 2807 400 2885; x_wconf 85' lang='lat' dir='ltr'><strong>eninr,</strong></span> <span class='ocrx_word' id='word_1_216' title='bbox 422 2808 483 2871; x_wconf 92' lang='lat' dir='ltr'><strong>l)ei</strong></span> <span class='ocrx_word' id='word_1_217' title='bbox 499 2809 602 2891; x_wconf 85' lang='lat' dir='ltr'><strong>gratia</strong></span> <span class='ocrx_word' id='word_1_218' title='bbox 618 2808 720 2872; x_wconf 88' lang='lat' dir='ltr'><strong>carnis</strong></span> <span class='ocrx_word' id='word_1_219' title='bbox 735 2807 1005 2891; x_wconf 87' lang='lat' dir='ltr'><strong>incorruptionem</strong></span> <span class='ocrx_word' id='word_1_220' title='bbox 1020 2805 1215 2888; x_wconf 86' lang='lat' dir='ltr'><strong>indulserat,</strong></span> <span class='ocrx_word' id='word_1_221' title='bbox 1233 2808 1246 2873; x_wconf 94' lang='lat' dir='ltr'><strong>i</strong></span> 
     </span>
    </p>

    <p class='ocr_par' dir='ltr' id='par_1_3' title="bbox 160 2832 1322 4452">
     <span class='ocr_line' id='line_1_29' title="bbox 161 2832 1318 2981; baseline 0.007 -26"><span class='ocrx_word' id='word_1_222' title='bbox 161 2914 233 2955; x_wconf 87' lang='lat' dir='ltr'><strong>rum</strong></span> <span class='ocrx_word' id='word_1_223' title='bbox 249 2893 370 2956; x_wconf 89' lang='lat' dir='ltr'><strong>meritis</strong></span> <span class='ocrx_word' id='word_1_224' title='bbox 384 2894 550 2977; x_wconf 85' lang='lat' dir='ltr'><strong>specialius</strong></span> <span class='ocrx_word' id='word_1_225' title='bbox 570 2895 672 2958; x_wconf 88' lang='lat' dir='ltr'><strong>carnis</strong></span> <span class='ocrx_word' id='word_1_226' title='bbox 688 2917 843 2958; x_wconf 89' lang='lat' dir='ltr'><strong>renovare</strong></span> <span class='ocrx_word' id='word_1_227' title='bbox 861 2891 1108 2978; x_wconf 85' lang='lat' dir='ltr'><strong>pulcritudinem</strong></span> <span class='ocrx_word' id='word_1_228' title='bbox 1124 2832 1318 2981; x_wconf 50' lang='lat' dir='ltr'><strong>delegem:</strong></span> 
     </span>
     <span class='ocr_line' id='line_1_30' title="bbox 163 2977 1318 3071; baseline 0.008 -30"><span class='ocrx_word' id='word_1_229' title='bbox 163 2977 290 3062; x_wconf 89' lang='lat' dir='ltr'><strong>Nempe</strong></span> <span class='ocrx_word' id='word_1_230' title='bbox 302 2979 375 3063; x_wconf 91' lang='lat' dir='ltr'><strong>ipsis</strong></span> <span class='ocrx_word' id='word_1_231' title='bbox 391 2981 484 3064; x_wconf 80' lang='lat' dir='ltr'><strong>liujus</strong></span> <span class='ocrx_word' id='word_1_232' title='bbox 506 2983 644 3045; x_wconf 88' lang='lat' dir='ltr'><strong>muneris</strong></span> <span class='ocrx_word' id='word_1_233' title='bbox 663 2981 849 3045; x_wconf 89' lang='lat' dir='ltr'><strong>donativum</strong></span> <span class='ocrx_word' id='word_1_234' title='bbox 870 2978 1036 3064; x_wconf 89' lang='lat' dir='ltr'><strong>specialius</strong></span> <span class='ocrx_word' id='word_1_235' title='bbox 1052 2982 1221 3061; x_wconf 88' lang='lat' dir='ltr'><strong>convenit,</strong></span> <span class='ocrx_word' id='word_1_236' title='bbox 1236 3006 1318 3071; x_wconf 90' lang='lat' dir='ltr'><strong>quo·</strong></span> 
     </span>
     <span class='ocr_line' id='line_1_31' title="bbox 161 3065 1319 3153; baseline 0.004 -26"><span class='ocrx_word' id='word_1_237' title='bbox 161 3088 232 3128; x_wconf 93' lang='lat' dir='ltr'><strong>rnm</strong></span> <span class='ocrx_word' id='word_1_238' title='bbox 248 3066 439 3132; x_wconf 84' lang='lat' dir='ltr'><strong>excellentia</strong></span> <span class='ocrx_word' id='word_1_239' title='bbox 459 3068 646 3132; x_wconf 87' lang='lat' dir='ltr'><strong>meritorum</strong></span> <span class='ocrx_word' id='word_1_240' title='bbox 662 3068 694 3131; x_wconf 96' lang='lat' dir='ltr'><strong>id</strong></span> <span class='ocrx_word' id='word_1_241' title='bbox 709 3068 795 3153; x_wconf 88' lang='lat' dir='ltr'><strong>apud</strong></span> <span class='ocrx_word' id='word_1_242' title='bbox 816 3067 881 3131; x_wconf 94' lang='lat' dir='ltr'><strong>Dei</strong></span> <span class='ocrx_word' id='word_1_243' title='bbox 902 3065 1153 3131; x_wconf 88' lang='lat' dir='ltr'><strong>misericordiam</strong></span> <span class='ocrx_word' id='word_1_244' title='bbox 1170 3070 1319 3153; x_wconf 85' lang='lat' dir='ltr'><strong>peculia·</strong></span> 
     </span>
     <span class='ocr_line' id='line_1_32' title="bbox 161 3152 1319 3239; baseline 0.009 -24"><span class='ocrx_word' id='word_1_245' title='bbox 161 3152 225 3215; x_wconf 90' lang='lat' dir='ltr'><strong>rius</strong></span> <span class='ocrx_word' id='word_1_246' title='bbox 256 3153 402 3218; x_wconf 90' lang='lat' dir='ltr'><strong>obtinere</strong></span> <span class='ocrx_word' id='word_1_247' title='bbox 435 3156 614 3239; x_wconf 89' lang='lat' dir='ltr'><strong>praevaluit.</strong></span> <span class='ocrx_word' id='word_1_248' title='bbox 688 3154 800 3219; x_wconf 89' lang='lat' dir='ltr'><strong>Carnis</strong></span> <span class='ocrx_word' id='word_1_249' title='bbox 834 3153 954 3218; x_wconf 90' lang='lat' dir='ltr'><strong>etenim</strong></span> <span class='ocrx_word' id='word_1_250' title='bbox 985 3152 1128 3216; x_wconf 89' lang='lat' dir='ltr'><strong>sanando</strong></span> <span class='ocrx_word' id='word_1_251' title='bbox 1162 3177 1319 3225; x_wconf 76' lang='lat' dir='ltr'><strong>recreare</strong></span> 
     </span>
     <span class='ocr_line' id='line_1_33' title="bbox 162 3238 1319 3326; baseline 0 -23"><span class='ocrx_word' id='word_1_252' title='bbox 162 3240 366 3323; x_wconf 91' lang='lat' dir='ltr'><strong>putredinem</strong></span> <span class='ocrx_word' id='word_1_253' title='bbox 382 3241 476 3305; x_wconf 89' lang='lat' dir='ltr'><strong>decet</strong></span> <span class='ocrx_word' id='word_1_254' title='bbox 488 3243 584 3305; x_wconf 91' lang='lat' dir='ltr'><strong>solius</strong></span> <span class='ocrx_word' id='word_1_255' title='bbox 605 3241 779 3326; x_wconf 90' lang='lat' dir='ltr'><strong>incorrupti</strong></span> <span class='ocrx_word' id='word_1_256' title='bbox 799 3240 940 3325; x_wconf 92' lang='lat' dir='ltr'><strong>corporis</strong></span> <span class='ocrx_word' id='word_1_257' title='bbox 963 3238 1181 3305; x_wconf 85' lang='lat' dir='ltr'><strong>sanctitatem.</strong></span> <span class='ocrx_word' id='word_1_258' title='bbox 1243 3242 1319 3311; x_wconf 81' lang='lat' dir='ltr'><strong>Nee</strong></span> 
     </span>
     <span class='ocr_line' id='line_1_34' title="bbox 161 3326 1320 3417; baseline 0 -30"><span class='ocrx_word' id='word_1_259' title='bbox 161 3341 267 3410; x_wconf 89' lang='lat' dir='ltr'><strong>potest</strong></span> <span class='ocrx_word' id='word_1_260' title='bbox 283 3327 421 3410; x_wconf 75' lang='lat' dir='ltr'><strong>congrui</strong></span> <span class='ocrx_word' id='word_1_261' title='bbox 437 3329 477 3391; x_wconf 89' lang='lat' dir='ltr'><strong>ab</strong></span> <span class='ocrx_word' id='word_1_262' title='bbox 496 3328 630 3392; x_wconf 91' lang='lat' dir='ltr'><strong>aliorum</strong></span> <span class='ocrx_word' id='word_1_263' title='bbox 651 3328 835 3412; x_wconf 89' lang='lat' dir='ltr'><strong>corporibus</strong></span> <span class='ocrx_word' id='word_1_264' title='bbox 856 3326 1032 3411; x_wconf 88' lang='lat' dir='ltr'><strong>putredinis</strong></span> <span class='ocrx_word' id='word_1_265' title='bbox 1056 3348 1187 3391; x_wconf 84' lang='lat' dir='ltr'><strong>naevum</strong></span> <span class='ocrx_word' id='word_1_266' title='bbox 1204 3329 1320 3417; x_wconf 87' lang='lat' dir='ltr'><strong>abjici.</strong></span> 
     </span>
     <span class='ocr_line' id='line_1_35' title="bbox 162 3412 1322 3500; baseline 0.007 -25"><span class='ocrx_word' id='word_1_267' title='bbox 162 3414 246 3477; x_wconf 94' lang='lat' dir='ltr'><strong>endo</strong></span> <span class='ocrx_word' id='word_1_268' title='bbox 265 3414 444 3498; x_wconf 89' lang='lat' dir='ltr'><strong>propellere</strong></span> <span class='ocrx_word' id='word_1_269' title='bbox 463 3417 552 3500; x_wconf 86' lang='lat' dir='ltr'><strong>cujus</strong></span> <span class='ocrx_word' id='word_1_270' title='bbox 577 3415 713 3500; x_wconf 86' lang='lat' dir='ltr'><strong>propriae</strong></span> <span class='ocrx_word' id='word_1_271' title='bbox 738 3414 839 3478; x_wconf 90' lang='lat' dir='ltr'><strong>carnis</strong></span> <span class='ocrx_word' id='word_1_272' title='bbox 860 3412 1035 3498; x_wconf 92' lang='lat' dir='ltr'><strong>hospicium</strong></span> <span class='ocrx_word' id='word_1_273' title='bbox 1054 3424 1163 3497; x_wconf 89' lang='lat' dir='ltr'><strong>potest</strong></span> <span class='ocrx_word' id='word_1_274' title='bbox 1184 3418 1322 3483; x_wconf 87' lang='lat' dir='ltr'><strong>macula</strong></span> 
     </span>
     <span class='ocr_line' id='line_1_36' title="bbox 160 3498 1321 3586; baseline 0.005 -25"><span class='ocrx_word' id='word_1_275' title='bbox 160 3499 372 3585; x_wconf 89' lang='lat' dir='ltr'><strong>corruptionis</strong></span> <span class='ocrx_word' id='word_1_276' title='bbox 395 3501 603 3566; x_wconf 91' lang='lat' dir='ltr'><strong>diminuendo</strong></span> <span class='ocrx_word' id='word_1_277' title='bbox 627 3503 805 3566; x_wconf 89' lang='lat' dir='ltr'><strong>absumere.</strong></span> <span class='ocrx_word' id='word_1_278' title='bbox 861 3501 949 3563; x_wconf 89' lang='lat' dir='ltr'><strong>Voto</strong></span> <span class='ocrx_word' id='word_1_279' title='bbox 963 3499 1071 3586; x_wconf 89' lang='lat' dir='ltr'><strong>itaque</strong></span> <span class='ocrx_word' id='word_1_280' title='bbox 1088 3498 1147 3563; x_wconf 87' lang='lat' dir='ltr'><strong>viri</strong></span> <span class='ocrx_word' id='word_1_281' title='bbox 1161 3503 1321 3584; x_wconf 87' lang='lat' dir='ltr'><strong>praedicti</strong></span> 
     </span>
     <span class='ocr_line' id='line_1_37' title="bbox 162 3584 1319 3672; baseline 0.003 -23"><span class='ocrx_word' id='word_1_282' title='bbox 162 3586 340 3671; x_wconf 84' lang='lat' dir='ltr'><strong>presagium</strong></span> <span class='ocrx_word' id='word_1_283' title='bbox 356 3611 425 3651; x_wconf 87' lang='lat' dir='ltr'><strong>esse</strong></span> <span class='ocrx_word' id='word_1_284' title='bbox 440 3588 552 3652; x_wconf 91' lang='lat' dir='ltr'><strong>debuit</strong></span> <span class='ocrx_word' id='word_1_285' title='bbox 562 3590 651 3672; x_wconf 86' lang='lat' dir='ltr'><strong>cujus</strong></span> <span class='ocrx_word' id='word_1_286' title='bbox 663 3602 844 3652; x_wconf 90' lang='lat' dir='ltr'><strong>sanctorum</strong></span> <span class='ocrx_word' id='word_1_287' title='bbox 855 3586 986 3650; x_wconf 90' lang='lat' dir='ltr'><strong>lucerna</strong></span> <span class='ocrx_word' id='word_1_288' title='bbox 999 3584 1157 3670; x_wconf 91' lang='lat' dir='ltr'><strong>primitus,</strong></span> <span class='ocrx_word' id='word_1_289' title='bbox 1174 3604 1319 3657; x_wconf 82' lang='lat' dir='ltr'><strong>vorante</strong></span> 
     </span>
     <span class='ocr_line' id='line_1_38' title="bbox 161 3670 1320 3760; baseline 0 -27"><span class='ocrx_word' id='word_1_290' title='bbox 161 3673 298 3752; x_wconf 72' lang='lat' dir='ltr'><strong>flamma,</strong></span> <span class='ocrx_word' id='word_1_291' title='bbox 316 3675 494 3738; x_wconf 89' lang='lat' dir='ltr'><strong>consumari</strong></span> <span class='ocrx_word' id='word_1_292' title='bbox 510 3676 662 3759; x_wconf 88' lang='lat' dir='ltr'><strong>potuerit.</strong></span> <span class='ocrx_word' id='word_1_293' title='bbox 711 3676 811 3760; x_wconf 86' lang='lat' dir='ltr'><strong>Cujus</strong></span> <span class='ocrx_word' id='word_1_294' title='bbox 827 3674 911 3738; x_wconf 90' lang='lat' dir='ltr'><strong>enim</strong></span> <span class='ocrx_word' id='word_1_295' title='bbox 923 3695 1052 3737; x_wconf 90' lang='lat' dir='ltr'><strong>cereum</strong></span> <span class='ocrx_word' id='word_1_296' title='bbox 1067 3670 1154 3757; x_wconf 88' lang='lat' dir='ltr'><strong>prius</strong></span> <span class='ocrx_word' id='word_1_297' title='bbox 1166 3670 1320 3743; x_wconf 90' lang='lat' dir='ltr'><strong>incendi.</strong></span> 
     </span>
     <span class='ocr_line' id='line_1_39' title="bbox 161 3761 1319 3846; baseline 0.006 -26"><span class='ocrx_word' id='word_1_298' title='bbox 161 3782 215 3821; x_wconf 91' lang='lat' dir='ltr'><strong>nm</strong></span> <span class='ocrx_word' id='word_1_299' title='bbox 238 3761 408 3826; x_wconf 77' lang='lat' dir='ltr'><strong>devortisse</strong></span> <span class='ocrx_word' id='word_1_300' title='bbox 429 3761 640 3846; x_wconf 83' lang='lat' dir='ltr'><strong>contingeret,</strong></span> <span class='ocrx_word' id='word_1_301' title='bbox 663 3762 704 3825; x_wconf 92' lang='lat' dir='ltr'><strong>ad</strong></span> <span class='ocrx_word' id='word_1_302' title='bbox 720 3762 815 3845; x_wconf 90' lang='lat' dir='ltr'><strong>ipsius</strong></span> <span class='ocrx_word' id='word_1_303' title='bbox 831 3761 1023 3844; x_wconf 76' lang='lat' dir='ltr'><strong>sepulcmm,</strong></span> <span class='ocrx_word' id='word_1_304' title='bbox 1039 3781 1099 3843; x_wconf 91' lang='lat' dir='ltr'><strong>pro</strong></span> <span class='ocrx_word' id='word_1_305' title='bbox 1114 3780 1182 3821; x_wconf 89' lang='lat' dir='ltr'><strong>suae</strong></span> <span class='ocrx_word' id='word_1_306' title='bbox 1198 3762 1319 3829; x_wconf 82' lang='lat' dir='ltr'><strong>saluus</strong></span> 
     </span>
     <span class='ocr_line' id='line_1_40' title="bbox 161 3844 1321 3931; baseline 0.005 -23"><span class='ocrx_word' id='word_1_307' title='bbox 161 3848 303 3910; x_wconf 90' lang='lat' dir='ltr'><strong>remedio</strong></span> <span class='ocrx_word' id='word_1_308' title='bbox 319 3848 504 3931; x_wconf 89' lang='lat' dir='ltr'><strong>optinendo,</strong></span> <span class='ocrx_word' id='word_1_309' title='bbox 519 3849 585 3913; x_wconf 91' lang='lat' dir='ltr'><strong>sine</strong></span> <span class='ocrx_word' id='word_1_310' title='bbox 598 3848 684 3912; x_wconf 90' lang='lat' dir='ltr'><strong>omni</strong></span> <span class='ocrx_word' id='word_1_311' title='bbox 696 3848 855 3911; x_wconf 90' lang='lat' dir='ltr'><strong>dilationis</strong></span> <span class='ocrx_word' id='word_1_312' title='bbox 870 3846 1071 3910; x_wconf 87' lang='lat' dir='ltr'><strong>haesitatione</strong></span> <span class='ocrx_word' id='word_1_313' title='bbox 1087 3844 1321 3917; x_wconf 86' lang='lat' dir='ltr'><strong>incunctanter</strong></span> 
     </span>
     <span class='ocr_line' id='line_1_41' title="bbox 163 3930 1319 4019; baseline 0.009 -28"><span class='ocrx_word' id='word_1_314' title='bbox 163 3930 336 3997; x_wconf 89' lang='lat' dir='ltr'><strong>incederet.</strong></span> <span class='ocrx_word' id='word_1_315' title='bbox 386 3934 453 3999; x_wconf 93' lang='lat' dir='ltr'><strong>Ubi</strong></span> <span class='ocrx_word' id='word_1_316' title='bbox 473 3935 581 3999; x_wconf 86' lang='lat' dir='ltr'><strong>Sancti</strong></span> <span class='ocrx_word' id='word_1_317' title='bbox 598 3935 673 4012; x_wconf 91' lang='lat' dir='ltr'><strong>Dei,</strong></span> <span class='ocrx_word' id='word_1_318' title='bbox 691 3935 801 4019; x_wconf 88' lang='lat' dir='ltr'><strong>quanti</strong></span> <span class='ocrx_word' id='word_1_319' title='bbox 816 3934 920 3997; x_wconf 89' lang='lat' dir='ltr'><strong>meriti</strong></span> <span class='ocrx_word' id='word_1_320' title='bbox 931 3934 1037 3996; x_wconf 88' lang='lat' dir='ltr'><strong>locum</strong></span> <span class='ocrx_word' id='word_1_321' title='bbox 1052 3932 1137 3995; x_wconf 87' lang='lat' dir='ltr'><strong>inter</strong></span> <span class='ocrx_word' id='word_1_322' title='bbox 1151 3953 1210 3996; x_wconf 89' lang='lat' dir='ltr'><strong>eos</strong></span> <span class='ocrx_word' id='word_1_323' title='bbox 1228 3934 1319 4003; x_wconf 89' lang='lat' dir='ltr'><strong>Bea-</strong></span> 
     </span>
     <span class='ocr_line' id='line_1_42' title="bbox 162 4020 1318 4106; baseline 0.009 -27"><span class='ocrx_word' id='word_1_324' title='bbox 162 4030 213 4079; x_wconf 85' lang='lat' dir='ltr'><strong>tns</strong></span> <span class='ocrx_word' id='word_1_325' title='bbox 232 4020 428 4083; x_wconf 85' lang='lat' dir='ltr'><strong>Cuthbertus</strong></span> <span class='ocrx_word' id='word_1_326' title='bbox 444 4020 795 4099; x_wconf 89' lang='lat' dir='ltr'><strong>haberet,0stendendo</strong></span> <span class='ocrx_word' id='word_1_327' title='bbox 806 4021 1026 4106; x_wconf 85' lang='lat' dir='ltr'><strong>propalabant,</strong></span> <span class='ocrx_word' id='word_1_328' title='bbox 1038 4020 1115 4082; x_wconf 90' lang='lat' dir='ltr'><strong>dnm</strong></span> <span class='ocrx_word' id='word_1_329' title='bbox 1127 4022 1318 4089; x_wconf 87' lang='lat' dir='ltr'><strong>secretioris</strong></span> 
     </span>
     <span class='ocr_line' id='line_1_43' title="bbox 162 4102 1318 4192; baseline 0.01 -28"><span class='ocrx_word' id='word_1_330' title='bbox 162 4102 293 4167; x_wconf 88' lang='lat' dir='ltr'><strong>misterii</strong></span> <span class='ocrx_word' id='word_1_331' title='bbox 314 4106 476 4189; x_wconf 85' lang='lat' dir='ltr'><strong>signaculo</strong></span> <span class='ocrx_word' id='word_1_332' title='bbox 501 4122 628 4192; x_wconf 85' lang='lat' dir='ltr'><strong>qnantae</strong></span> <span class='ocrx_word' id='word_1_333' title='bbox 652 4108 734 4172; x_wconf 83' lang='lat' dir='ltr'><strong>inter</strong></span> <span class='ocrx_word' id='word_1_334' title='bbox 760 4131 815 4171; x_wconf 89' lang='lat' dir='ltr'><strong>eos</strong></span> <span class='ocrx_word' id='word_1_335' title='bbox 839 4120 923 4172; x_wconf 87' lang='lat' dir='ltr'><strong>esset</strong></span> <span class='ocrx_word' id='word_1_336' title='bbox 949 4106 1074 4169; x_wconf 90' lang='lat' dir='ltr'><strong>virtutis</strong></span> <span class='ocrx_word' id='word_1_337' title='bbox 1095 4118 1129 4169; x_wconf 89' lang='lat' dir='ltr'><strong>et</strong></span> <span class='ocrx_word' id='word_1_338' title='bbox 1152 4110 1318 4189; x_wconf 83' lang='lat' dir='ltr'><strong>potentiae</strong></span> 
     </span>
     <span class='ocr_line' id='line_1_44' title="bbox 162 4189 1316 4279; baseline 0.011 -29"><span class='ocrx_word' id='word_1_339' title='bbox 162 4189 335 4252; x_wconf 87' lang='lat' dir='ltr'><strong>manifestis</strong></span> <span class='ocrx_word' id='word_1_340' title='bbox 366 4192 488 4256; x_wconf 88' lang='lat' dir='ltr'><strong>indiciis</strong></span> <span class='ocrx_word' id='word_1_341' title='bbox 525 4195 767 4278; x_wconf 88' lang='lat' dir='ltr'><strong>depromebant.</strong></span> <span class='ocrx_word' id='word_1_342' title='bbox 836 4194 1004 4279; x_wconf 89' lang='lat' dir='ltr'><strong>Siquidum</strong></span> <span class='ocrx_word' id='word_1_343' title='bbox 1043 4214 1183 4269; x_wconf 92' lang='lat' dir='ltr'><strong>cereum,</strong></span> <span class='ocrx_word' id='word_1_344' title='bbox 1213 4192 1316 4263; x_wconf 88' lang='lat' dir='ltr'><strong>Beati</strong></span> 
     </span>
     <span class='ocr_line' id='line_1_45' title="bbox 165 4276 1317 4367; baseline 0.008 -31"><span class='ocrx_word' id='word_1_345' title='bbox 165 4276 335 4339; x_wconf 90' lang='lat' dir='ltr'><strong>Cuthberti</strong></span> <span class='ocrx_word' id='word_1_346' title='bbox 351 4279 469 4342; x_wconf 90' lang='lat' dir='ltr'><strong>nomini</strong></span> <span class='ocrx_word' id='word_1_347' title='bbox 490 4280 641 4357; x_wconf 76' lang='lat' dir='ltr'><strong>clientum,</strong></span> <span class='ocrx_word' id='word_1_348' title='bbox 659 4280 745 4365; x_wconf 86' lang='lat' dir='ltr'><strong>prius</strong></span> <span class='ocrx_word' id='word_1_349' title='bbox 761 4304 803 4344; x_wconf 90' lang='lat' dir='ltr'><strong>cx</strong></span> <span class='ocrx_word' id='word_1_350' title='bbox 819 4280 944 4364; x_wconf 84' lang='lat' dir='ltr'><strong>integro</strong></span> <span class='ocrx_word' id='word_1_351' title='bbox 960 4280 1089 4343; x_wconf 84' lang='lat' dir='ltr'><strong>flamma</strong></span> <span class='ocrx_word' id='word_1_352' title='bbox 1104 4300 1317 4367; x_wconf 85' lang='lat' dir='ltr'><strong>consumpse-</strong></span> 
     </span>
     <span class='ocr_line' id='line_1_46' title="bbox 160 4363 1316 4452; baseline 0.01 -29"><span class='ocrx_word' id='word_1_353' title='bbox 160 4375 209 4424; x_wconf 89' lang='lat' dir='ltr'><strong>rat</strong></span> <span class='ocrx_word' id='word_1_354' title='bbox 222 4385 318 4449; x_wconf 92' lang='lat' dir='ltr'><strong>quam</strong></span> <span class='ocrx_word' id='word_1_355' title='bbox 330 4364 495 4429; x_wconf 66' lang='lat' dir='ltr'><strong>incaeteris</strong></span> <span class='ocrx_word' id='word_1_356' title='bbox 510 4368 698 4430; x_wconf 87' lang='lat' dir='ltr'><strong>Sanctorum</strong></span> <span class='ocrx_word' id='word_1_357' title='bbox 712 4367 810 4431; x_wconf 89' lang='lat' dir='ltr'><strong>cercis</strong></span> <span class='ocrx_word' id='word_1_358' title='bbox 815 4380 938 4450; x_wconf 88' lang='lat' dir='ltr'><strong>partem</strong></span> <span class='ocrx_word' id='word_1_359' title='bbox 951 4366 1088 4452; x_wconf 89' lang='lat' dir='ltr'><strong>aliquam</strong></span> <span class='ocrx_word' id='word_1_360' title='bbox 1100 4363 1316 4435; x_wconf 91' lang='lat' dir='ltr'><strong>diminuendo</strong></span> 
     </span>
    </p>
   </div>
   <div class='ocr_carea' id='block_1_3' title="bbox 0 0 1482 4966">
    <p class='ocr_par' dir='ltr' id='par_1_4' title="bbox 0 0 1482 4966">
     <span class='ocr_line' id='line_1_47' title="bbox 0 0 1482 4966; baseline 0 0"><span class='ocrx_word' id='word_1_361' title='bbox 0 0 1482 4966; x_wconf 95' lang='lat' dir='ltr'><strong> </strong></span> 
     </span>
    </p>
   </div>
  </div>
 </body>
</html>
