2924 4966
428 390 607 443 nuursu.
636 392 835 455 arnustus,
864 394 948 443 arc.
1212 360 1280 444 ²231

178 558 247 625 solus
266 556 381 645 poterit
399 556 534 643 aperire,
550 556 616 645 qui,
633 556 777 621 omnibus
793 558 1015 643 compatiendo
1038 558 1198 635 miserans,
1216 558 1292 621 nulli

159 647 300 731 poscenti
323 644 439 711 desiuit
465 644 644 710 subvenire.
691 644 765 723 Hic,
785 645 866 709 sicut
891 646 972 709 alter
996 646 1148 723 medicus,
1166 670 1225 709 nec
1251 647 1292 711 de

176 734 344 819 pudibundo
358 733 471 797 dolore
489 732 564 797 mihi
583 732 820 818 improperabit,
837 755 896 797 nec
915 733 1025 797 terreis
1045 734 1154 797 cultris
1171 736 1220 797 rel
1236 758 1293 797 no-

176 822 276 887 voufis
285 822 398 887 vulnus
413 821 519 885 ulcere
533 833 641 885 secato
651 820 783 897 dolebit,
794 844 853 885 nec
865 822 1093 907 desperationis
1106 822 1198 885 ibreii
1212 846 1293 907 pru*-

172 910 324 997 ripitanter
339 908 533 973 absorbebit.
581 909 648 972 Sub
673 908 794 973 incerto
810 908 928 973 etenim
952 910 1115 994 pendebit,
1132 910 1156 972 si
1182 910 1293 997 uliquis

170 998 353 1063 medicorum
376 997 439 1061 hoc
457 996 599 1065 naturale
624 996 867 1061 instrumentum
882 998 1076 1082 amputando
1101 998 1292 1083 praeciderit,

170 1086 264 1151 utrlrm
282 1084 402 1152 doloris
424 1086 488 1148 mei
510 1084 630 1148 insania
651 1085 772 1169 augeri,
790 1085 854 1147 sire
870 1085 1001 1148 diminui
1017 1086 1127 1171 possit.
1176 1086 1294 1150 Beatus

168 1174 235 1239 verb
249 1174 449 1241 cuthbertus
464 1171 558 1237 nichil
570 1170 647 1236 mihi
661 1172 843 1257 hujusmodi
858 1172 1062 1237 desolationis
1078 1174 1204 1251 inseret,
1221 1174 1297 1261 qnia

166 1284 218 1327 nec
242 1260 447 1327 verecundiae
470 1282 550 1325 meae
576 1259 800 1344 improperium
827 1260 1008 1345 detegendo
1030 1261 1219 1347 propalabit,
1238 1285 1296 1326 nec

164 1350 233 1415 sarri
251 1350 398 1415 acumine
413 1347 608 1412 vulnerando
627 1348 758 1425 secabit,
776 1372 835 1411 nec
854 1349 1055 1412 contumeliae
1074 1374 1107 1413 se
1122 1350 1181 1413 sub
1202 1350 1298 1413 infor-

164 1438 248 1503 tunio
263 1434 494 1523 desperationis
513 1450 645 1500 nutante
668 1435 911 1521 praecipitabit.”
960 1437 1115 1502 Extracto
1138 1437 1234 1521 igitur
1256 1438 1297 1502 de

163 1526 270 1591 loculis
286 1526 350 1591 suis
363 1522 506 1601 denario,
519 1524 608 1587 illum
627 1524 729 1588 Beato
749 1525 929 1589 Cutlrberto
945 1525 976 1587 in
992 1524 1125 1589 insulam
1142 1526 1296 1591 Fameam

103 1628 106 1635 '
162 1638 267 1680 secum
282 1611 492 1679 deferendum
507 1612 647 1688 devovit,
664 1625 697 1676 et
712 1612 781 1695 ipso
796 1626 974 1690 recurvato,
992 1628 1026 1676 ut
1045 1636 1118 1677 enm
1133 1612 1298 1677 dinoscere

161 1698 684 1789 possetntiindicioconsignavit.
708 1698 1298 1788 Naviculamque,quiuncitiirspotuit,

162 1789 346 1855 conscendit
359 1812 368 1865 3
403 1788 539 1874 illucque
554 1789 613 1851 sub
625 1787 826 1851 festinatione
843 1788 982 1853 devenit.
1042 1788 1105 1864 Qui
1123 1789 1155 1851 in
1167 1789 1300 1853 ecclesia

156 1902 251 1943 secus
277 1878 378 1943 altare
402 1876 575 1960 depositus,
595 1875 675 1939 sicut
698 1875 838 1954 devovit,
852 1876 1017 1940 incurvum
1032 1876 1196 1941 denarium
1211 1877 1299 1941 illum

161 1965 279 2031 obtulit
291 1990 301 2044 3
312 1988 371 2030 nec
382 1985 481 2041 mora,
494 1985 669 2047 exsurgens
678 1986 712 2027 se
729 1964 827 2029 levitis
837 1964 955 2029 habere
967 1964 1140 2049 persensit:
1157 1966 1302 2029 domum-

184 2078 224 2120 ue
242 2053 381 2130 rediens,
399 2050 481 2114 infra
495 2050 636 2115 triduum
658 2049 750 2135 plene
766 2051 936 2130 convaluit,
954 2066 987 2116 et
1002 2077 1209 2140 conquassum
1224 2054 1302 2138 lapi-

161 2078 236 2207 dem
250 2138 394 2227 perfect&
409 2138 661 2224 redintegratum
675 2138 800 2223 penitus
820 2139 916 2205 fuisse
932 2141 1092 2225 cognorit.
1140 2141 1225 2205 Mira
1244 2141 1302 2225 igi-

161 2242 216 2295 tur
230 2231 331 2293 virtus
351 2226 445 2292 Beati
462 2227 632 2292 Cutlrberti
647 2226 679 2290 in
694 2250 791 2311 opere
807 2227 869 2292 isto
883 2228 1039 2315 apparuit,
1051 2252 1123 2293 narn
1138 2244 1171 2293 et
1186 2229 1303 2293 contri-

162 2330 233 2383 tum
257 2316 398 2404 lapidem
423 2316 491 2401 ejus
515 2314 658 2400 potentia
681 2315 944 2380 reconsolidando
969 2316 1126 2401 integrum
1151 2318 1302 2396 reddidit,

165 2420 389 2492 tumoremque
404 2402 506 2467 foetidi
522 2402 639 2467 doloris
655 2416 688 2466 et
707 2403 859 2487 pallorem
875 2403 963 2468 lividi
979 2405 1101 2469 ruboris
1117 2407 1185 2490 ejus
1201 2407 1304 2491 gratia

146 2492 380 2579 -ubstergendo
395 2490 521 2576 abegit:
538 2513 728 2578 omnemque
744 2491 853 2554 mortis
869 2506 1024 2577 suspectae
1036 2493 1302 2578 desperationem,

165 2582 285 2647 donata
299 2580 375 2644 vitae
391 2578 531 2664 pristinae
553 2578 711 2656 libertate,
730 2578 823 2662 ipsius
846 2579 1062 2645 misericordia
1083 2581 1305 2647 adnichilando

164 2670 306 2755 subegit.
355 2666 451 2733 Unde
478 2681 512 2731 et
536 2666 597 2730 tria
621 2665 772 2730 miracula
796 2666 828 2729 in
855 2690 919 2731 uno
946 2692 1043 2753 opere
1063 2670 1213 2747 ostendit,
1231 2671 1306 2758 quia

167 2756 251 2823 terni
271 2754 432 2841 languoris
455 2754 649 2822 desolamina
665 2777 729 2818 uuo
747 2755 955 2820 medicamine
976 2758 1145 2841 reparavit.
1194 2759 1306 2822 Frater

167 2843 220 2911 ille
235 2867 296 2909 nec
319 2842 446 2929 palloris
464 2842 589 2928 signum
612 2842 645 2905 in
669 2842 739 2927 ipso
758 2842 875 2906 doloris
902 2843 973 2907 loco
988 2844 1151 2909 dinoscere
1167 2859 1307 2929 postmo-

167 2932 247 2997 dum
260 2930 378 3019 potuit,
395 2953 454 2995 nec
469 2930 606 3018 aliquam
625 2929 791 2994 scintillam
806 2931 1011 2996 distillantem
1027 2932 1067 2996 de
1083 2933 1138 2995 illo
1153 2933 1306 3017 languore

170 3020 302 3087 ulterius
317 3018 434 3095 sensit3
457 3041 515 3083 nec
531 3018 663 3103 alicujus
678 3018 814 3081 laesionis
829 3020 994 3096 calculum,
1008 3022 1074 3083 sire
1090 3019 1306 3084 diminutionis

135 3112 142 3127 '
170 3121 325 3195 punctum
347 3106 381 3170 iu
403 3105 470 3192 ipsa
490 3107 686 3170 rotunditate
703 3105 810 3169 circuli
825 3107 1028 3194 aliquomodo
1044 3123 1173 3171 eatenus
1189 3108 1307 3173 sentire

221 3196 329 3297 pando
352 3194 418 3259 sive
442 3194 669 3258 contrectando
694 3194 872 3278 praevaluit.
920 3193 1004 3258 Hinc
1031 3195 1196 3259 advertere
1213 3220 1308 3282 quam

183 3280 316 3349 acillime
343 3305 521 3368 possumuS,
537 3294 665 3369 quantae
691 3304 781 3366 spem
806 3283 942 3358 fiducita,
967 3305 1063 3366 super
1085 3282 1307 3367 pudendorum

169 3385 375 3459 peccatorum
388 3382 567 3434 nostrorum
584 3369 744 3433 miseranti
759 3368 854 3453 ipsius
867 3369 1065 3434 absolutione
1077 3370 1194 3434 habere
1210 3372 1308 3455 possi-

171 3482 252 3525 mus.
300 3459 339 3524 Iu
357 3459 419 3522 hoc
435 3480 531 3542 opere
549 3457 668 3521 Beatus
687 3457 884 3522 Cuthbertus
904 3458 1021 3521 Sancto
1040 3458 1216 3523 Benedicto
1232 3482 1308 3522 con-

170 3548 336 3625 similatur,
349 3545 405 3611 ubi
420 3545 590 3610 descissam
600 3544 802 3630 capisterium
817 3544 948 3629 pristina
962 3545 1144 3629 integritate
1157 3546 1306 3624 restituit,

171 3650 206 3701 et
233 3658 293 3723 pro
317 3633 488 3698 voluntatis
519 3656 584 3697 suae
613 3632 745 3698 arbitrio
774 3632 1061 3718 recompaginando
1090 3634 1308 3698 consolidavit.

174 3724 256 3791 Haec
269 3722 371 3788 frater
385 3721 451 3806 ipse
466 3721 627 3786 lohannes
642 3720 798 3785 veridicus
817 3722 963 3784 sacerdos
978 3734 1012 3784 et
1030 3722 1202 3785 monachus
1218 3721 1307 3785 nobis

171 3812 292 3891 retulit,
310 3822 471 3897 testesque
487 3832 580 3909 quam
599 3809 704 3894 plures
720 3822 785 3873 tam
800 3808 970 3873 monachos
986 3831 1081 3896 quam
1095 3809 1236 3888 clericos,
1253 3810 1308 3895 qui

171 3900 230 3967 hiis
246 3896 429 3976 interfuere,
446 3897 505 3961 sibi
520 3896 676 3963 adhibuit.
