2924 4966
471 408 651 459 unsrun.
672 406 875 471 uiuamus,
894 410 980 461 arc.
1224 396 1298 477 ‘207

151 570 355 635 districtionis
379 570 638 649 sollicitudinem,
663 586 786 659 quanto
811 572 930 637 divinae
954 574 1163 639 miserationis
1186 576 1300 659 gratiae

151 660 332 745 largitatem
354 658 494 725 advertit
517 660 575 746 ipsi
597 660 783 747 impendere
806 662 986 726 secretioris
1009 663 1155 727 benefieii
1172 665 1302 729 liberta-

152 760 226 812 tem.
291 748 364 813 Atia
393 748 491 833 igitur
521 748 590 813 vice
620 749 737 813 iterum
770 749 864 814 Beati
897 750 1068 815 Cuthberti
1098 752 1300 817 elenwntiam

152 834 354 921 implorabat,
371 852 406 901 et
420 850 536 901 catena
548 836 655 902 ferrea
676 836 796 901 detrita
819 838 944 923 longiris
966 839 1150 903 dissiliendo
1172 864 1303 905 ‹sinere-

152 924 260 1009 pabut.
309 924 383 989 Hoc
398 946 479 1009 opus
494 924 637 989 miraculi
653 925 754 989 omnis
770 925 894 990 viderat
906 940 939 991 et
952 926 1107 1003 audierat,
1121 931 1301 1015 quicunqne

152 1011 183 1075 in
197 1012 253 1077 illa
269 1026 346 1076 tunc
361 1012 461 1077 domo
475 1012 643 1078 exstiterat
659 1014 712 1077 vel
732 1014 943 1078 confluxerat.
990 1014 1083 1079 'l'nnc
1107 1039 1213 1100 praeeo
1237 1017 1300 1095 ille,

152 1100 201 1165 cui
216 1100 316 1201 ipsius
330 1099 479 1177 custodia
491 1100 596 1165 fuerat
612 1101 771 1186 delegata,
789 1102 877 1188 quod
892 1103 1052 1187 agendum
1068 1104 1266 1183 decerneret,
1284 1104 1302 1168 d

152 1188 284 1253 domino
299 1210 358 1253 suo
376 1188 518 1253 Radnlfo
536 1188 694 1274 expetiit3
718 1204 750 1253 et
774 1190 942 1253 contritam
965 1204 1134 1279 utramque
1157 1207 1304 1257 catenam

151 1276 297 1363 protulit,
318 1288 354 1341 et
379 1298 490 1341 coram
515 1276 707 1342 testantibus
734 1277 804 1355 hiis,
836 1278 890 1364 qni
919 1278 1078 1355 viderant,
1110 1280 1233 1365 singola
1259 1304 1302 1345 ex

151 1364 263 1429 ordine
279 1364 468 1429 detexendo
482 1364 667 1429 declaravit.
718 1364 782 1439 Qui
806 1366 995 1429 furibundus
1011 1382 1043 1430 et
1062 1368 1186 1447 anxins,
1204 1392 1302 1433 norm

151 1466 184 1517 et
211 1454 363 1517 robustas
392 1465 428 1517 et
456 1452 659 1517 solidissimas
689 1467 816 1517 catenas
844 1454 997 1518 industria
1023 1454 1126 1519 fabrili
1153 1457 1301 1541 componi

152 1540 303 1618 instituit,
325 1554 359 1605 et
385 1540 419 1603 in
445 1539 521 1625 ipsis
548 1540 649 1605 tercib
672 1540 823 1605 miserum
849 1541 959 1606 vinciri
986 1544 1151 1629 praecepit.
1200 1544 1303 1607 Nora·

152 1642 245 1693 eraut
266 1650 310 1694 ex
332 1650 453 1715 opere;
474 1630 627 1706 robustae,
648 1651 692 1692 ex
719 1628 863 1693 immensi
888 1630 1038 1715 ponderis
1062 1630 1303 1715 magnitudine;

153 1716 353 1781 solidissimae
380 1738 424 1781 ex
450 1718 596 1781 connexa
618 1729 804 1781 catenarum
826 1717 1035 1783 districtione.
1083 1718 1210 1804 Nempe
1233 1720 1305 1783 lati-

154 1804 234 1871 tudo
249 1818 285 1869 et
304 1802 473 1889 grossioris
494 1804 624 1889 originis
644 1827 811 1889 compago,
830 1808 922 1869 nnins
941 1821 1065 1870 catenae
1083 1808 1303 1893 subsequentis

153 1892 384 1981 coaequiparari
407 1914 472 1955 non
497 1905 626 1977 poterat
649 1892 691 1956 ad
717 1894 968 1978 magnitudinem
993 1894 1156 1981 utriusque
1181 1910 1305 1959 catenae

153 1980 379 2067 praecedentis.
428 1981 480 2044 Ita
501 1980 587 2045 enirn
613 1979 703 2043 dives
729 1981 781 2045 ille
812 1982 859 2045 iat
888 1981 1112 2063 indignationis
1142 1984 1303 2061 efferbuit,

154 2070 245 2157 quod
258 2092 356 2153 agere
372 2067 406 2131 in
421 2067 571 2132 miserum
587 2067 677 2131 illum
692 2092 755 2132 non
771 2069 894 2133 destitit
909 2071 1059 2157 quiequid
1071 2094 1163 2135 nora·
1175 2072 1305 2135 insanire

155 2157 331 2222 multitudo
346 2154 487 2243 saevique
501 2155 617 2219 furoris
633 2155 760 2220 indixit.
794 2158 878 2222 Casu
896 2158 1003 2242 igitur,
1022 2159 1113 2223 Beati
1133 2160 1306 2224 Cuthberti

156 2245 225 2311 dies
249 2244 406 2309 festivitas
426 2245 486 2307 sub
501 2242 609 2328 vigiliis
629 2243 744 2309 festiva
766 2244 927 2323 illuxerat,
945 2260 977 2310 et
995 2246 1090 2311 miser
1106 2247 1158 2311 ille
1174 2272 1193 2312 a
1212 2248 1306 2312 Beati

159 2332 333 2399 Cuthberti
349 2331 486 2395 nominis
500 2332 702 2395 invocatione
718 2355 841 2397 cessare
862 2357 924 2396 non
948 2349 1086 2419 poterat.
1134 2336 1306 2423 'l'untbque

155 2420 333 2487 ardentiori
358 2419 519 2484 desiderio
543 2442 638 2484 voces
665 2420 800 2484 internae
826 2422 1005 2486 devotionis
1029 2423 1156 2501 extulit,
1185 2424 1306 2511 quantb

156 2510 274 2575 acriori
297 2507 424 2593 generis
450 2507 605 2593 supplicio
629 2510 659 2571 ei
681 2508 767 2572 necis
791 2510 947 2594 proximae
965 2512 1153 2597 laqueorum
1176 2512 1310 2577 innoda-

157 2598 263 2663 tioues
292 2594 496 2683 praeparavit.
552 2595 624 2660 Nec
646 2610 754 2661 tamen
779 2598 977 2662 Cuthbertns
999 2599 1061 2663 ista
1082 2623 1146 2663 non
1170 2600 1306 2679 viderat,

158 2684 217 2751 sed
253 2697 394 2749 mortem
431 2683 654 2768 intemptatam
695 2685 725 2748 ei
763 2685 907 2750 celeriori
944 2687 1064 2751 auxilio
1101 2689 1308 2772 precedebat.

162 2772 306 2859 Quippe,
328 2774 398 2858 J'am
427 2770 480 2836 die
503 2772 670 2857 sollempni
698 2774 824 2851 exacta,
855 2775 923 2858 jam
952 2798 1050 2861 penes
1080 2798 1115 2839 se
1145 2776 1309 2840 secretiori

159 2860 407 2927 vernaculorum
440 2859 572 2923 consilio
605 2860 694 2925 dives
729 2860 937 2925 deliberando
974 2862 1166 2941 instituerat,
1198 2864 1310 2949 quanti

160 2948 308 3049 supplicii
337 2970 457 3032 genere
487 2947 529 3011 ad
557 2948 668 3012 mortis
699 2948 822 3013 exitum
853 2951 988 3035 propelli
1018 2950 1169 3014 debebat.
1226 2952 1309 3015 Cum

160 3036 237 3103 deur
259 3058 302 3101 ue
331 3049 438 3101 custos
464 3035 573 3121 ipsius,
601 3037 825 3101 comitantibus
849 3038 967 3115 multis,
999 3061 1106 3101 coram
1136 3038 1308 3115 assisteret,

160 3138 196 3191 et
221 3123 277 3189 dr‘
302 3122 419 3189 entiori
444 3122 600 3187 industrid
625 3126 720 3188 turba
741 3125 871 3210 copiosa
895 3127 964 3210 ejus
986 3125 1233 3189 sollicitudinem
1254 3149 1314 3211 ge-

161 3226 262 3293 reret,
293 3212 432 3277 Beatum
464 3210 678 3276 Cuthbertum
713 3212 826 3276 anxius
860 3213 1033 3277 indolendo
1063 3213 1247 3298 congemuit
1277 3227 1310 3278 et

162 3300 261 3387 ipsius
284 3298 440 3365 auxilium
461 3321 541 3363 voce
565 3299 693 3383 lugubri
716 3301 907 3385 imploravit.
968 3301 1082 3365 Subito
1108 3324 1186 3386 ergo
1217 3302 1312 3367 Beati

166 3386 339 3455 Cuthberti
372 3386 544 3452 clementia
570 3388 673 3465 affirit,
712 3401 745 3453 et
778 3390 868 3475 quasi
899 3412 972 3452 curn
1009 3389 1232 3474 indignationis
1267 3390 1314 3455 na

164 3476 247 3561 ipsas
269 3488 400 3540 catenas
425 3474 628 3539 dissolvendo
654 3477 815 3541 contrivit.
877 3476 1005 3561 Nempe
1031 3490 1137 3542 tantus
1162 3479 1313 3564 strepitus

165 3586 239 3629 curn
267 3576 453 3629 catenarum
476 3562 604 3647 fragore
630 3562 663 3626 in
689 3564 786 3628 domo
813 3564 881 3649 ipsa
906 3565 1056 3643 insonuit,
1084 3568 1174 3653 quasi
1198 3567 1314 3630 domus

165 3650 305 3737 parietes
330 3650 493 3715 diruturus
517 3664 612 3728 esset,
630 3674 804 3738 omnesque
827 3652 869 3716 ad
892 3654 1029 3738 stuporis
1050 3667 1223 3719 tremorem
1238 3677 1316 3718 con-

165 3740 275 3805 vertit.
304 3738 439 3805 Catenae
454 3737 551 3803 etiam
566 3738 644 3824 ipsae
660 3742 693 3803 in
708 3742 842 3826 utrisque
854 3742 932 3804 tibia
947 3744 1095 3806 contritae
1110 3743 1311 3820 dissilientes,

167 3850 241 3891 cum
254 3828 378 3913 impetn
394 3827 492 3891 nimio
507 3850 544 3891 us
568 3849 608 3890 ue
624 3828 656 3889 in
671 3828 786 3892 mediae
798 3828 912 3893 dornirs
925 3852 1032 3893 aream
1047 3832 1313 3915 procumbebant,

167 3926 201 3979 et
214 3927 365 4001 patenter
379 3914 473 3977 Beati
491 3915 556 3978 Cut
579 3916 662 3979 berti
674 3915 776 3979 laudis
788 3916 923 4000 gloriam
935 3919 1146 3983 contestando
1161 3918 1318 4003 praedica-

166 4002 256 4069 bunt.
296 4002 425 4087 Pauper
439 4014 515 4066 tunc
530 4002 594 4079 ille,
611 4002 665 4088 qui
681 4001 801 4067 diutiirs
816 4006 848 4066 in
864 4006 977 4068 catena
996 4008 1171 4084 contabuit,
1188 4006 1315 4069 custodi

168 4114 226 4155 uuo
237 4104 272 4155 et
282 4091 409 4155 caeteris
421 4089 609 4153 satellitibus
622 4090 716 4168 dixit,
736 4102 758 4131 “
772 4091 890 4155 Videte
906 4094 981 4178 quia
992 4116 1050 4157 nec
1064 4116 1145 4157 meae
1157 4106 1206 4157 est
1216 4095 1319 4157 virtu-

168 4180 209 4243 tis
220 4179 274 4243 vel
282 4176 517 4263 potentiae,vel,
528 4179 610 4242 sicut
621 4179 766 4263 putdstis,
777 4180 853 4242 artis
865 4179 981 4265 peritia
991 4183 1135 4266 magicae,
1149 4181 1206 4245 sed
1218 4180 1314 4244 solius

173 4266 268 4331 Beati
286 4264 458 4331 Cuthberti
473 4287 554 4350 opus
569 4265 795 4330 consolationis
811 4281 844 4329 et
859 4266 1050 4332 elementiae.
1111 4266 1208 4331 Nunc
1223 4292 1313 4353 ergo,

170 4354 258 4441 quod
272 4352 364 4419 vobis
375 4351 516 4430 libuerit,
530 4352 562 4416 in
574 4354 780 4417 innocentem
794 4354 951 4437 perficite,
968 4355 1044 4441 quia
1055 4365 1152 4417 testes
1168 4357 1316 4439 poteritis

171 4440 316 4507 veritatis
330 4440 480 4517 existere,
497 4440 552 4529 qui
574 4439 671 4525 paulo
693 4453 765 4523 post
789 4441 919 4505 modum
943 4442 1043 4526 poenis
1066 4439 1263 4505 miseriarum
1281 4454 1315 4505 et
