2924 4966
481 130 660 181 unsrun.
682 128 986 193 r.1m:1.1.t:s,n·rc.
1245 116 1313 187 ltu!

155 290 392 358 detrimentum
402 292 522 373 intulit,
532 294 670 381 eoquod
680 316 739 359 nee
751 294 890 381 seipsum
901 316 996 359 astrtc
1006 294 1191 379 integritate
1202 296 1262 359 soi
1277 298 1311 361 li-

157 380 226 445 tatis
242 380 408 459 destituit,
420 404 483 447 nec
497 382 609 447 mortis
623 382 790 469 dispendia
801 384 919 447 inlcrre
933 382 1132 469 prusumpsit
1144 405 1154 459 ς
1168 384 1225 447 sed
1240 406 1261 447 v
1275 386 1310 449 u-

159 468 237 535 reris
260 468 431 535 laesionem
452 470 520 535 sive
538 470 673 535 maculer
687 470 922 537 desolationem
947 470 1073 535 inllixit.
1119 470 1211 535 'l'ulio
1234 490 1308 539 suit

163 556 253 623 Beati
269 556 448 624 Cuthberti
462 558 618 624 virtutum
629 558 795 635 mirabilia,
808 562 884 647 quia
899 560 1099 623 innocentem
1112 558 1143 623 in
1160 584 1227 625 sure
1242 584 1309 627 su·

160 645 267 711 ritutis
293 645 474 711 ministerio
496 646 601 711 noluit
626 669 717 712 reum
743 648 882 724 efficere,
899 670 958 711 nec
979 648 1103 731 justum
1129 646 1160 711 in
1187 650 1307 715 scelere

160 732 261 799 alieno
276 734 369 799 illata
382 748 487 799 morte
501 734 626 821 punire,
643 758 702 799 nec
718 734 843 799 devotis
859 736 1037 821 petentium
1053 736 1199 821 precibus
1215 738 1308 801 misc·

158 821 327 887 ricorditer
349 844 414 887 uon
438 822 563 887 adesse.
611 822 654 887 Et
675 824 764 911 quod
786 846 854 910 prte
868 822 993 887 coieris
1016 822 1110 887 alliis
1133 824 1306 901 eminebat,

158 908 289 975 domum
304 909 564 976 sanctificationis
575 934 642 975 suoe
650 912 781 976 humaui
795 913 956 997 sanguinis
965 912 1121 976 ellusione
1133 912 1231 999 pollui
1243 936 1307 978 non

157 997 314 1083 permisit,
326 1020 387 1063 nec
402 999 618 1065 sanctuarium
629 1000 773 1064 eeclesias
788 1000 948 1085 sacrilegis
963 1000 1123 1085 prolimuri
1138 1003 1306 1067 eventibus

157 1106 219 1149 non
232 1085 409 1151 consensit.
456 1086 532 1173 Ipso
546 1087 677 1175 quidem
693 1087 857 1165 innuente,
874 1110 933 1151 nec
948 1088 1047 1151 moles
1070 1088 1220 1175 ponderis
1238 1090 1308 1175 joe-

157 1186 262 1237 turam
284 1174 392 1259 potuit
406 1174 545 1253 efficere,
562 1198 621 1241 nee
644 1176 725 1240 ictus
740 1177 930 1275 ponderosa·
946 1176 1037 1240 molis
1053 1176 1191 1240 vulneris
1214 1177 1308 1241 lissu-

157 1282 223 1325 ram
245 1260 413 1347 infligere3
434 1262 512 1350 quin
535 1264 632 1328 immo
647 1286 706 1328 nee
727 1286 851 1349 siguum
868 1266 1033 1327 tenerimae
1052 1263 1242 1328 infirmitatis
1258 1280 1307 1329 tot

158 1346 382 1435 fatigationum
396 1349 689 1416 disnactionibusb
711 1374 779 1415 suae
801 1351 992 1437 integritatis
1014 1352 1227 1417 soliditatibus
1250 1353 1307 1417 ali·

157 1450 316 1523 quatenus
338 1436 484 1503 dissilire.
531 1438 717 1504 Mirandum
740 1439 953 1526 proculdubio
975 1456 1007 1503 et
1030 1440 1268 1525 obstupendum
1286 1442 1306 1506 ii

158 1524 316 1591 monacho
330 1524 386 1627 qui
399 1525 466 1591 ictu
480 1526 605 1606 feritur,
621 1529 713 1615 quasi
732 1528 831 1593 totius
846 1527 989 1592 ecclesiae
1004 1528 1104 1592 moles
1119 1550 1215 1613 super
1230 1551 1303 1593 cum

158 1612 300 1691 caderet,
323 1636 369 1677 stc
389 1615 590 1699 ponderosus
611 1615 693 1679 ictus
716 1615 813 1680 fuisse
836 1615 983 1691 sentitur,
1008 1630 1041 1679 ct
1064 1616 1199 1701 signum,
1216 1618 1304 1704 quod

157 1700 223 1767 solo
236 1701 289 1765 sui
310 1702 454 1787 pondere
469 1726 504 1768 se
526 1702 632 1789 potuit
647 1704 844 1768 conterendo
859 1726 1059 1779 consumere,
1077 1718 1124 1768 tot
1144 1702 1305 1789 sutigrtio·

157 1810 231 1853 num
244 1788 365 1855 ictibus
374 1806 408 1855 et
419 1792 555 1877 repulsis
567 1814 630 1856 non
646 1791 751 1877 potuit
764 1791 963 1877 effiingendo
972 1791 1130 1876 deperire.
1179 1792 1245 1856 Sed
1260 1792 1304 1855 sie

157 1876 306 1965 utrinque
324 1876 419 1943 Beati
444 1878 616 1945 Cuthberti
637 1879 742 1965 gratia
757 1878 857 1964 viguit
880 1894 913 1943 et
937 1879 1036 1942 virtus
1052 1879 1192 1953 effulsit3
1215 1882 1303 1968 quod

157 1986 213 2029 nec
226 1964 262 2029 iu
277 1964 408 2031 bontiue
422 1966 539 2032 loesnrn
553 1966 619 2031 ulla
629 1967 788 2054 apparuit,
803 1989 861 2031 nec
878 1969 911 2030 in
926 1968 1019 2052 signo
1030 1967 1172 2054 quamvis
1185 1968 1305 2033 tenuis-

157 2052 233 2119 sima
246 2052 474 2119 confractionis
488 2054 603 2119 rimula
617 2055 746 2140 prodire
762 2055 888 2140 potnit;
912 2056 987 2142 quia
1008 2055 1039 2118 in
1057 2056 1145 2119 nullo
1160 2058 1304 2121 omnium

157 2138 212 2205 nbi
237 2139 457 2207 ministrantes
479 2144 661 2228 perturbari
687 2142 753 2208 sive
780 2143 959 2207 contristari
981 2143 1136 2228 permisit.
1199 2144 1303 2230 Hujus

156 2227 299 2294 miraculi
322 2241 410 2294 totus
432 2230 575 2316 ejusdem
599 2230 742 2295 ecclesiae
768 2232 953 2297 Conventus
970 2230 1061 2295 testis
1083 2231 1211 2310 assistit,
1227 2236 1304 2320 quis

156 2314 345 2381 htaeomnis
359 2316 391 2380 in
406 2317 500 2383 Beati
518 2318 688 2383 Cuthberti
701 2318 873 2404 praesentid
887 2332 979 2403 gestu
992 2334 1222 2399 consummata,
1236 2321 1304 2406 ple-

155 2403 280 2469 sienne
295 2402 377 2470 vidit
391 2418 426 2469 et
439 2405 612 2491 perfectius
628 2405 798 2471 intellexit.

157 2668 256 2735 (ΜΡ.
287 2670 563 2750 net-Quomodo
589 2672 707 2735 Beatus
738 2673 927 2749 Clutorius,
953 2693 1123 2754 parcpercm
1151 2674 1302 2755 quendum

238 2760 441 2839 compeditum
465 2762 637 2835 miseratus,
661 2762 766 2823 nantis
787 2762 902 2835 diebus,
927 2763 982 2823 od
1005 2763 1165 2842 percuriat
1190 2764 1300 2840 specie,

240 2854 397 2927 ruptorem
413 2867 511 2922 nsum,
529 2856 563 2909 ut
575 2848 724 2911 lorriinem
739 2848 846 2911 Sancti
862 2848 1018 2911 Cuthberti
1032 2858 1156 2923 emeret,
1173 2868 1300 2910 cmimo.

239 2937 367 3009 suerin
382 2942 412 2997 et
424 2937 517 3017 qrmsi
529 2937 634 2997 multis
650 2939 750 3016 spinis
763 2956 816 2998 eor
830 2938 930 3015 :psius
944 2938 1116 3016 lanqueum
1126 2937 1299 2997 stimulans.

240 3022 294 3097 rte,
307 3029 345 3098 et,
360 3024 526 3085 candidum
540 3023 771 3103 iwctejuceraem
785 3026 830 3087 ad
844 3043 912 3086 eum
923 3025 1069 3103 diriperis,
1086 3031 1116 3085 et
1128 3024 1297 3101 eonmlonr,

239 3108 347 3173 eddeva
360 3129 429 3173 eum
442 3118 526 3173 nocte
539 3110 689 3173 liberavit.

199 3280 349 3369 Eripiens
372 3282 501 3369 inopem
524 3284 566 3348 de
590 3283 735 3347 manibus
762 3283 929 3348 fortiorum
956 3284 1069 3347 beatus
1100 3284 1298 3349 Cuthbertus

153 3379 217 3447 est3
232 3369 289 3459 qui
311 3369 345 3435 in
363 3394 398 3436 se
420 3386 584 3457 sperantes
607 3371 701 3457 eripit
724 3372 765 3436 de
789 3373 875 3435 omni
899 3370 1024 3434 miserid
1046 3371 1298 3435 tribulationum.

156 3456 241 3523 Nam
258 3456 325 3545 ipse
340 3470 389 3523 est
404 3458 593 3523 fortissimus
608 3460 663 3547 qui
685 3478 809 3523 armato
824 3458 932 3522 saeculi
947 3458 1066 3522 divitiis
1081 3472 1114 3523 et
1131 3460 1297 3546 triumphis

153 3545 348 3633 supervenit,
365 3558 399 3611 et
414 3547 521 3611 omnia
535 3560 640 3612 castra
655 3560 790 3611 terrente
808 3547 962 3633 potentiue
985 3547 1209 3630 pessunslando
1224 3547 1300 3610 diri·

152 3634 201 3719 pit
224 3646 259 3699 et
280 3632 463 3699 invadendo
485 3634 652 3721 disperdit.
700 3636 833 3721 Inopem
856 3634 942 3699 enim
966 3648 998 3698 et
1022 3635 1232 3718 impotentem
1256 3636 1297 3699 de

152 3722 253 3789 munit
266 3744 341 3787 eum
361 3722 578 3809 diripientium
598 3722 712 3810 erigit3
732 3742 765 3788 et
781 3722 997 3808 compeditum
1014 3746 1034 3786 a
1048 3722 1163 3809 laqueo
1179 3722 1296 3787 vinculi

151 3822 187 3873 et
200 3808 367 3896 descipnld
386 3810 491 3898 laquei
511 3811 661 3875 venenosi
674 3809 830 3875 dissolvit.
877 3810 975 3885 Quod
991 3833 1032 3874 ex
1045 3810 1191 3896 sequenti
1204 3809 1298 3873 mira-

152 3896 226 3962 culo
238 3896 483 3977 declarabimus,
497 3899 522 3963 si
538 3898 580 3963 ad
595 3897 692 3984 ipsius
708 3897 920 3984 indagandam
933 3898 1083 3961 virtutem
1095 3920 1187 3961 aures
1199 3898 1298 3961 devo-

153 3984 249 4063 tionis
264 4006 340 4049 cum
358 3986 465 4051 studio
480 3986 608 4074 pietatis
623 3986 871 4051 adhibuerimus.
919 3986 1081 4070 Tempore
1108 3984 1206 4068 Regis
1226 3985 1299 4049 Ste-

152 4072 249 4157 phani
265 4073 406 4159 gloriosi,
422 4074 627 4159 benignitatis
647 4073 742 4160 ipsius
765 4073 935 4139 clementia
955 4087 988 4137 et
1007 4071 1174 4158 pacientiae
1192 4074 1299 4138 multi.

151 4158 244 4239 tudo,
261 4161 357 4247 quim
377 4162 519 4247 pluribus
535 4162 566 4225 in
582 4184 682 4247 regno
698 4185 756 4225 suo
775 4161 834 4225 fuit
851 4161 1003 4224 divitibus
1023 4159 1173 4224 saeviendi
1193 4163 1296 4243 ruina,

718 4270 739 4311 u
