2924 4966
156 375 231 452 906
517 399 734 449 nsorxnnor
763 399 946 451 nossent

156 563 322 650 parentela
344 562 488 639 olleudit,
506 578 539 627 et
561 563 647 627 fama
671 563 807 628 volatilis
831 565 991 652 quendam
1019 565 1224 630 Willielmum
1247 588 1299 630 no-

156 653 252 730 mine,
269 652 327 715 sed
342 665 448 715 tamen
470 651 635 715 innoxium
658 651 801 730 crimine,
818 652 975 718 delatoria
996 653 1113 718 fraude
1136 654 1299 738 impetivit.

157 740 244 804 Nam
270 740 363 824 hujus
386 739 523 802 infamiae
544 754 652 803 notam
671 763 736 803 non
756 763 798 804 ex
818 755 907 804 reatu
928 741 1068 806 criminis
1093 743 1223 820 meruit,
1247 743 1298 806 sed

156 828 242 892 zelus
268 827 388 891 fallacis
419 826 546 889 invidiae
576 827 693 891 famam
720 827 812 891 istam
847 843 918 893 astu
951 829 1107 916 nequitiae
1138 830 1298 894 coloravit.

159 917 260 1000 Cujus
275 914 352 979 facis
367 915 493 992 ardore,
510 914 640 1014 qnidam
656 915 828 979 Procerum
846 916 1125 995 Duuelmeusium,
1146 917 1299 982 Radulfus

156 1003 239 1067 lilius
262 1002 421 1066 Willielmi
446 1003 594 1079 uomme¹,
623 1026 784 1081 accensus,
801 1005 862 1068 sub
882 1004 1086 1069 festinatione
1111 1005 1155 1069 ad
1174 1005 1300 1070 Williel·

155 1113 242 1153 mum
258 1090 299 1153 de
317 1090 455 1175 Thorp,²
467 1113 562 1176 quem
575 1090 673 1155 fallax
697 1091 781 1155 lama
796 1091 930 1156 subdole
953 1092 1126 1171 accusavit,
1144 1094 1276 1158 accessit
1289 1117 1297 1170 ;

155 1179 351 1264 ductumque
378 1178 462 1263 apud
490 1178 697 1257 Dunelmum,
715 1179 835 1243 catenis
854 1179 965 1244 ferreis
986 1180 1146 1265 colligatis
1168 1182 1300 1266 pedibus

156 1265 314 1329 astrinxit.
371 1266 430 1328 Vir
459 1266 578 1330 etenim
609 1266 669 1330 iste
690 1267 949 1345 molendinarius,
977 1282 1011 1332 et
1039 1267 1231 1333 Willielmus
1259 1271 1298 1334 de

158 1353 270 1439 'lhorp
287 1355 460 1418 vocabatur
472 1378 481 1429 ;
498 1377 593 1440 quem
604 1353 751 1418 facillime
767 1356 1041 1440 comprehendere
1053 1355 1173 1441 potuit,
1187 1356 1299 1422 iccirco

155 1441 243 1529 quod
258 1441 290 1504 in
306 1442 489 1505 molendino
505 1465 577 1506 rara
602 1442 795 1506 defensionis
818 1457 980 1507 armatura
1001 1444 1196 1509 habebatur.
1259 1445 1298 1510 Et

156 1529 223 1614 ipse
250 1530 346 1593 homo
370 1530 410 1593 de
433 1529 578 1616 praedicti
604 1529 733 1594 Radulfi
756 1545 825 1595 erat
849 1531 991 1596 dominio
1020 1532 1204 1617 potestatis,
1228 1534 1300 1620 quia

155 1619 214 1681 sub
230 1617 299 1702 ipso
315 1619 445 1682 tenebat
467 1633 583 1682 terram
598 1617 802 1682 hereditaria
824 1619 997 1684 servitutis.
1058 1620 1158 1685 Unde
1174 1621 1217 1685 de
1233 1621 1299 1706 ipso

156 1706 281 1771 efficere
305 1705 403 1770 libere
425 1708 531 1792 potuit
553 1705 704 1794 quicquid
727 1707 897 1771 voluntarii
919 1707 1015 1771 animi
1038 1725 1148 1771 motus
1176 1709 1219 1773 de
1246 1709 1298 1772 illo

155 1794 225 1858 fieri
264 1794 315 1858 vel
352 1795 567 1879 praeordinare
602 1794 734 1880 delegit.
790 1795 913 1859 Servile
944 1795 1074 1882 quidem
1107 1796 1298 1882 mancipium

155 1883 289 1947 furentis
313 1882 432 1946 domini
464 1905 589 1967 semper
621 1883 740 1968 excipit
767 1882 901 1947 exiciale
924 1883 1124 1947 mandatum.
1187 1884 1298 1948 Multis

157 1993 234 2055 ergo
265 1971 377 2034 diebus
412 1970 444 2033 in
478 1993 552 2034 eum
585 1970 692 2034 furore
731 1970 928 2035 crudelitatis
965 1970 1175 2036 desaeviendo
1210 1996 1300 2037 exar-

156 2073 251 2136 serat,
269 2072 302 2122 et
318 2081 376 2121 nec
392 2059 489 2122 fidem
505 2058 587 2121 illius
603 2058 810 2136 attestationi,
828 2059 879 2122 vel
895 2071 1170 2123 sacramentorum
1197 2062 1301 2125 multi·

157 2146 269 2224 tudini,
287 2146 458 2234 aliquando
479 2147 720 2210 accommodare
746 2147 886 2210 volebat.
944 2146 1046 2210 Miser
1068 2146 1135 2225 ille,
1157 2149 1299 2213 ciborum

156 2234 271 2310 inedia,
288 2233 356 2298 sitis
372 2235 477 2318 inopia
492 2250 525 2298 et
543 2234 739 2318 jejuniorum
754 2234 925 2319 castigatus
949 2235 1143 2319 calumpnia,
1167 2236 1300 2302 foetebat

155 2345 198 2386 ex
213 2322 351 2386 siccante
376 2321 485 2397 urinlr3
509 2323 642 2406 putebat
669 2345 711 2386 ex
737 2322 908 2407 egestionis
932 2322 1069 2408 propriae
1096 2326 1300 2410 corrupteld;

154 2408 360 2495 computrivit
375 2409 472 2473 etiam
489 2409 652 2496 utriusque
667 2410 757 2495 pedis
778 2410 866 2487 tibia,
883 2411 979 2474 ferrei
1002 2415 1222 2476 maceratione
1238 2414 1302 2477 vin·

155 2497 218 2562 culi
237 2499 305 2582 jam
329 2520 425 2560 carne
451 2497 492 2560 de
520 2496 625 2560 medio
651 2497 732 2582 pene
759 2500 896 2563 corrosa.
951 2498 1156 2563 Diuturnitas
1184 2501 1301 2565 etenim

155 2584 320 2671 longinqui
336 2584 488 2669 temporis
504 2585 621 2648 cotidie
637 2585 805 2670 parturivit
820 2609 913 2649 novae
928 2586 1083 2671 gemitum
1099 2588 1300 2654 calamitatis.

157 2674 250 2738 Tunc
277 2671 392 2736 nullius
418 2672 583 2737 industriae
613 2673 672 2738 sibi
701 2674 811 2737 videns
838 2688 1007 2759 suppetere
1031 2674 1229 2755 libertatem,
1262 2677 1301 2741 ad

159 2761 252 2826 Beati
285 2760 456 2825 Cuthbcrti
486 2760 628 2846 confugit
658 2762 821 2841 auxilium,
853 2776 887 2825 et
917 2763 1026 2826 sedula
1051 2761 1176 2847 pietate
1206 2765 1301 2851 ipsius

154 2848 380 2915 misericordiae
395 2848 567 2934 postulavit
583 2849 768 2927 subsidium,
786 2863 819 2914 et
834 2850 1005 2936 ereptionis
1021 2873 1087 2913 suae
1105 2852 1301 2936 praesidium.

157 2937 228 3003 Nec
255 2937 379 3002 destitit
405 2937 474 3022 pins
505 2936 676 3001 Confessor
700 2941 796 3001 tantis
817 2938 970 3023 angustiis
985 2940 1137 3023 compati,
1155 2953 1191 3004 et
1206 2941 1301 3006 celeri

154 3026 369 3091 sullevationis
407 3025 527 3090 auxilio
564 3026 661 3089 tantis
698 3026 895 3090 cruciatuum
936 3026 1099 3090 doloribus
1137 3028 1300 3093 medicari.

157 3115 258 3179 Affuit
274 3113 372 3200 igitur
387 3137 481 3200 quam
498 3111 589 3177 citius
605 3113 831 3179 misericordiae
847 3137 913 3178 suae
928 3114 1110 3200 praesentia,
1124 3128 1159 3179 et
1174 3116 1301 3181 vincula

154 3202 284 3289 dirupit,
313 3217 346 3267 et
372 3202 547 3267 elementer
573 3201 721 3266 exsolvit.
782 3201 868 3266 Nam
899 3202 1027 3266 vidente
1055 3202 1141 3266 omni
1169 3204 1297 3283 familiis,

154 3292 261 3354 subito
276 3305 399 3355 catenae
414 3290 528 3354 ferreae
538 3290 578 3353 de
594 3289 730 3374 pedibus
745 3290 917 3375 compediti
929 3290 1143 3368 dissiluerunt,
1155 3304 1191 3355 et
1206 3292 1300 3357 mira-

154 3377 209 3442 bili
236 3379 370 3464 fragoris
394 3378 528 3463 strepitu
552 3391 817 3463 concrepuerunt.
866 3378 963 3442 Unde
979 3378 1109 3464 quidam
1128 3378 1297 3458 Radulfus,

154 3469 208 3552 qui
220 3490 327 3553 praeco
343 3466 478 3530 civitatis
493 3465 608 3543 fuerat,
626 3466 667 3530 ad
682 3488 848 3551 procerem
863 3465 952 3529 illurn
967 3465 1133 3543 accedens,
1147 3467 1298 3555 quicquid

154 3570 315 3633 evenerat,
333 3554 500 3629 edicebat3
523 3554 580 3617 sed
595 3553 658 3631 ille,
676 3554 736 3616 hoc
753 3577 827 3618 casu
850 3554 1012 3631 accidisse,
1030 3567 1062 3618 et
1088 3576 1154 3617 non
1181 3555 1298 3621 virtute

153 3642 295 3706 miraculi
311 3643 464 3719 evenisse,
482 3642 625 3719 credens,
643 3641 710 3705 aliis
725 3642 842 3706 iterum
857 3641 946 3704 illum
968 3641 1100 3705 vinculis
1123 3643 1298 3729 compediri

153 3729 291 3794 strictiirs
306 3728 524 3815 praecipiebat.
573 3729 636 3803 Qui
653 3729 820 3815 praeceptis
836 3729 918 3792 illius
934 3730 1188 3815 obtemperando
1208 3755 1298 3819 pare·

153 3817 219 3897 bat,
240 3818 464 3904 hominemque
488 3817 601 3902 ipsum,
623 3817 739 3882 iterati>
762 3817 992 3882 recentioribus
1014 3817 1147 3881 vinculis
1170 3841 1299 3906 compe-

153 3906 265 3984 ditum,
286 3908 356 3991 jam
376 3904 548 3969 ‹listrictids
570 3906 740 3970 retinebat.
788 3904 871 3970 Nam
895 3906 994 3970 semel
1021 3905 1160 3970 contrita
1185 3921 1299 3973 catena

151 4015 216 4058 non
239 3994 345 4081 potuit
370 3992 487 4056 misero
511 3995 689 4071 subvenire,
713 3994 771 4058 sed
796 3995 911 4057 iterata
934 3993 1132 4058 districtione
1159 3996 1297 4060 solutum

152 4082 312 4167 alligando
342 4081 477 4145 irretire.
540 4081 710 4170 'tantoque
737 4081 932 4166 diligentiori
962 4083 1038 4146 cura
1064 4081 1094 4145 ei
1123 4082 1297 4149 adhibebat

188 4274 335 4326 lancestor
352 4273 382 4326 of
394 4274 440 4326 the
456 4272 546 4341 family
559 4272 589 4325 of
602 4275 708 4326 Surtees
724 4274 754 4325 of
769 4272 901 4332 Dinsdale,
913 4273 963 4325 and
982 4273 1027 4325 the
1038 4271 1098 4324 first
1112 4273 1171 4326 who
1187 4275 1296 4344 adopted

152 4341 209 4395 that
222 4358 348 4394 rumame.

264 4418 276 4455 2
295 4413 320 4461 A
332 4408 406 4461 small
416 4407 510 4477 village
522 4425 554 4460 on
565 4409 611 4462 tha
622 4407 683 4462 rond
694 4411 812 4463 between
825 4407 970 4478 Sedgetield
988 4407 1039 4460 and
1052 4408 1184 4464 stockton.
