2924 4966
231 336 282 401 aa
584 350 800 400 assaturam
831 350 1014 401 araurem

232 538 305 579 euru
323 512 414 577 Betui
433 512 604 579 Cuthbcrti
626 536 760 599 corpore
779 514 821 579 ad
836 516 937 601 ripam
952 516 1098 583 fluminis
1109 518 1188 605 Jam
1204 522 1300 607 pleni
1315 526 1390 589 reni-

232 619 335 677 entes,
353 604 459 667 statim
475 626 568 688 rupua·
583 604 624 665 ab
639 603 795 669 alterutro
812 604 911 667 latere
926 604 1052 683 divisae,
1066 608 1151 673 sicci
1167 610 1304 677 itineris
1319 614 1389 677 viam

234 714 290 777 per
305 691 446 753 medium
462 694 510 753 sui
526 690 651 755 alveum
670 704 876 775 aperuerunt,
892 704 924 755 et
952 692 1048 757 Beati
1074 694 1267 765 cuthberti
1282 700 1390 765 adven

233 796 301 845 tum
332 792 576 861 eogrmsceutes,
609 780 793 843 universum
829 779 982 863 populum
1016 803 1093 845 cum
1126 787 1201 851 suis
1234 789 1388 866 omnibus,

233 869 348 931 iterata
363 868 442 943 vice,
460 880 532 950 post
556 880 648 949 terga
661 890 772 931 eoram
796 866 1001 932 recludentes
1025 868 1131 935 libere
1158 878 1307 941 transire
1328 900 1389 965 per·

235 958 415 1029 rniseruut;
454 968 487 1017 et
521 956 566 1017 sic
597 957 629 1018 iu
673 955 813 1018 Insulam
854 954 1115 1023 Liudissarneam
1158 978 1388 1047 pervenerunt.

238 1044 372 1129 Hyemis
396 1043 481 1105 enim
508 1055 635 1127 tempus
657 1042 749 1107 simul
776 1066 849 1107 cum
875 1044 979 1107 noctis
1002 1047 1155 1113 tenebris
1176 1054 1331 1137 asperius
1349 1054 1389 1119 in·

234 1132 411 1203 horruerat,
429 1144 462 1193 et
478 1130 592 1194 iccirco
613 1130 731 1195 lleatus
750 1130 948 1196 Cuthbertus
962 1153 1060 1217 quam
1079 1136 1184 1201 citius
1200 1140 1253 1205 eis
1273 1140 1388 1207 aditum

234 1220 358 1305 aperire
389 1220 591 1303 properabat.
649 1218 729 1281 lhec
759 1220 877 1296 omnia,
902 1241 976 1305 quae
998 1220 1254 1308 descripsimus,
1281 1230 1389 1295 sicnta

236 1307 410 1371 reiterabili
437 1322 528 1391 patre
558 1320 669 1370 nostro
700 1306 931 1371 AEtheldredro
966 1308 1096 1375 Abbate
1131 1311 1388 1383 Rievallensium

233 1396 423 1469 audivimus,
461 1396 515 1471 ita,
551 1395 650 1479 ipsius
683 1396 879 1471 testimonio,
910 1396 1144 1463 membranulis
1186 1403 1389 1471 inseruimus.

241 1484 367 1569 istaque
383 1484 443 1545 sibi
459 1484 634 1559 testificari,
653 1496 687 1545 at
703 1484 849 1559 asseruit,
866 1483 907 1546 ab
922 1484 1024 1547 atavis
1040 1486 1108 1551 suis
1122 1494 1389 1575 progenitoribus

234 1583 395 1655 praecepta
425 1584 511 1647 sunt,
540 1572 615 1657 quia
642 1570 722 1646 haec,
748 1572 825 1655 ipsis
851 1570 1045 1649 videntibus,
1074 1574 1285 1645 inveritate
1306 1594 1390 1667 gesta

237 1674 322 1724 suut.

240 1925 337 1989 CAP.
363 1924 679 2003 XVIL—Quamodo
696 1926 824 1989 Damon
839 1927 872 1986 ia
887 1927 985 2005 specie
1010 1928 1097 2007 aipri
1121 1933 1279 1997 canistra
1303 1954 1390 2019 quea-
1461 1989 1462 2004 ,

322 2016 394 2075 (lom
429 2014 593 2076 llhltcrma
623 2016 781 2085 introivit5
817 2020 847 2073 et
873 2015 957 2095 aqttd
980 2014 1076 2077 Beati
1102 2016 1275 2085 Caelum·
1303 2024 1343 2087 de
1361 2044 1391 2087 ω
1461 2051 1462 2108 J

317 2104 461 2180 protinas
474 2100 628 2182 effraym
642 2102 692 2162 sit.

286 2273 381 2337 Filius
396 2275 475 2338 lucis
494 2274 613 2338 Beatus
632 2273 829 2339 Cuthbertus
846 2296 943 2359 opere
958 2277 1200 2359 comprobatur,
1218 2282 1318 2367 cujus
1333 2286 1392 2349 vir-

238 2364 313 2425 tutis
345 2362 446 2447 gloria
475 2364 678 2427 tenebrarum
709 2362 812 2446 caligo
841 2361 1046 2426 illuminatur.
1109 2364 1185 2429 Filii
1216 2368 1304 2435 lucis
1335 2374 1391 2437 viri

239 2452 363 2514 virtutis
384 2465 476 2515 sunt:
501 2452 704 2514 tenebrarum
723 2450 874 2534 caligines
896 2450 1107 2535 malignorum
1127 2454 1311 2538 spirituum
1326 2484 1392 2525 mo-

235 2539 345 2603 limina
359 2552 392 2603 et
409 2539 568 2603 illusiones
584 2541 737 2603 existunt.
786 2538 851 2603 Sed
873 2552 1028 2625 quantum
1050 2538 1256 2609 daemoniaca
1267 2546 1391 2613 fantas-

240 2641 326 2691 mata
365 2641 477 2691 contra
517 2628 610 2691 Beati
653 2627 823 2691 Cuthberti
864 2626 989 2690 valeant
1034 2628 1199 2707 miracula,
1240 2636 1391 2721 subjecta

238 2715 399 2779 declarant
438 2716 661 2779 miraculorum
698 2715 856 2799 exempla.
920 2714 1016 2789 Quod
1048 2715 1186 2781 lucidius
1221 2721 1257 2784 in
1288 2726 1392 2791 mmi-

237 2803 320 2866 l'csto
342 2804 505 2888 detegitur
528 2805 554 2866 si
578 2803 665 2890 quod
688 2804 803 2866 nostris
827 2803 1022 2886 temporibus
1047 2819 1176 2907 gestum
1202 2808 1391 2877 audivimus

237 2893 389 2954 sermonis
423 2892 527 2955 oflicio
560 2892 750 2955 declaretur.
832 2890 992 2975 Tempore
1030 2892 1188 2979 siqnidem
1233 2896 1390 2965 Gausridi

239 2979 474 3043 Dumelmensis
494 2979 667 3064 Episcopi,¹
688 2979 828 3064 quidam,
857 2978 1013 3042 Walterus
1033 2982 1172 3057 nomine,
1196 2986 1289 3068 apud
1309 2988 1390 3053 Kel.

238 3067 327 3145 flau,²
352 3090 425 3154 quae
449 3070 480 3130 in
507 3081 622 3154 quarto
639 3090 659 3130 a
682 3066 844 3130 Dunelmo
866 3066 1000 3130 miliario
1026 3069 1128 3146 abest,
1154 3071 1317 3139 oriundus
1333 3086 1413 3141 ex·‘

236 3157 329 3232 stitit,
357 3158 412 3243 qui
442 3156 483 3219 ad
512 3155 644 3220 domum
674 3154 856 3219 Sacerdotis
882 3154 1000 3219 villulas
1027 3156 1181 3242 predictae
1204 3180 1283 3224 cum
1315 3163 1391 3229 hos-

236 3244 356 3327 pitibus
380 3257 547 3329 potaturus
572 3244 714 3307 accessit.
763 3244 847 3307 Cum
867 3243 964 3327 igitur
984 3244 1086 3308 noctis
1104 3248 1247 3330 spacium
1270 3250 1389 3319 efflux-

237 3332 322 3408 isset,
339 3333 474 3416 contigit
486 3344 522 3396 ut
538 3332 668 3397 domum
683 3354 825 3395 remeare
841 3330 1025 3415 disponeret
1039 3356 1046 3408 3
1063 3334 1171 3419 sicque
1187 3334 1289 3415 solus,
1307 3338 1390 3405 dum

238 3420 413 3504 perunctis
428 3420 581 3503 caligines
597 3421 735 3496 incessit,
757 3420 924 3483 innumera
941 3442 1055 3484 canum
1071 3434 1199 3485 caterva
1221 3425 1254 3487 ei
1273 3426 1309 3489 in
1329 3428 1390 3493 ob-

238 3510 322 3573 viam
344 3510 420 3572 ruit.
485 3508 549 3582 Qui
575 3508 722 3573 latrando
745 3507 905 3572 balatibus
929 3508 960 3569 in
985 3509 1089 3593 ipsum
1112 3509 1242 3595 hyando
1267 3512 1390 3583 freme-

237 3596 314 3660 bant
341 3610 374 3660 et
404 3597 571 3662 latratibus
602 3598 774 3661 horrisonis
809 3618 972 3660 morsuum
1006 3597 1240 3663 mendicamina
1264 3606 1397 3689 saepius.

201 3676 207 3689 ⁶
237 3685 428 3750 incursando
443 3686 642 3749 minitabant.
691 3684 904 3770 Quandoque,
922 3706 1009 3761 vero,
1027 3688 1294 3753 vestimentorum
1313 3693 1391 3777 ejus

238 3771 383 3836 laciniam
398 3773 578 3837 invadendo
593 3786 804 3851 corraserant,
818 3794 1048 3859 nonnunquam
1063 3774 1159 3836 etiam
1172 3776 1201 3838 ei
1217 3776 1250 3839 in
1267 3780 1390 3847 mediis

239 3862 358 3924 insilire
389 3862 531 3927 vultibus
555 3863 801 3947 intemptabant.
858 3859 959 3923 Erant
986 3861 1116 3947 quidem
1140 3885 1264 3940 omnes,
1291 3880 1329 3931 ut
1356 3870 1389 3935 ei

241 3948 418 4027 videbatur,
436 3973 532 4013 canes
547 3951 721 4034 nigerrimi,
739 3962 772 4012 et
791 3950 875 4033 nigri
897 3948 1022 4012 velleris
1046 3949 1171 4034 hispida
1185 3951 1390 4023 laceratione

239 4035 364 4119 repleti.
421 4039 464 4101 At
482 4037 536 4101 ille
554 4061 650 4125 quam
670 4038 763 4101 citius
784 4036 960 4121 hospicium
977 4039 1141 4122 proprium
1156 4040 1264 4117 subiit,
1282 4042 1392 4110 hosti-

241 4145 358 4209 umque
383 4124 507 4201 domhs,
525 4148 622 4190 manu
645 4127 858 4200 ministrante,
876 4148 895 4187 a
916 4137 1008 4208 tergo
1032 4124 1173 4189 reclusit.
1222 4128 1289 4193 Sed
1309 4136 1392 4221 quia

277 4352 284 4389 ¹
303 4348 405 4403 Galfrid
418 4351 511 4411 Rufus,
523 4353 620 4420 Bishop
633 4352 663 4403 of
676 4353 793 4405 Durham
805 4351 870 4405 from
886 4353 950 4403 llas
964 4361 991 4405 to
1007 4356 1078 4404 ltro.

274 4410 286 4444 ²
304 4418 391 4469 Hodie
405 4419 503 4470 Kelloe.
