2924 4966
613 388 826 438 namucum
847 387 1030 437 MONACHI

256 645 353 709 t'rlP.
385 643 555 707 xit-De
583 644 714 724 quodam
740 643 957 724 predictorum
977 644 1166 722 portitorum
1195 643 1320 717 comite,
1352 644 1404 725 qai

338 730 587 812 caseumfurtr‘ce*
598 732 736 793 sasndit:
752 732 894 812 qualiter,
906 728 1250 811 orantibarfratribaa,
1260 732 1298 791 in
1312 731 1403 811 wlpra-

339 822 439 883 culum
460 823 501 881 sr't
515 819 683 899 firmatus,
704 827 733 880 ct
755 822 862 880 iterum
885 818 978 880 Beati
1001 817 1163 880 Cuthbcrti
1183 818 1403 881 mesericordia

340 916 525 988 rqurrutas:
549 910 645 987 etqui
658 926 782 969 carrum
796 908 840 968 ud
852 926 962 985 corpus
976 907 1079 984 ipsias
1099 905 1306 985 deserendum
1321 908 1402 969 inve·

339 999 440 1058 ruerint
452 1003 481 1057 ct
494 996 639 1076 quorrrodo
654 997 716 1074 ipsi
730 994 1015 1074 noruiautifaeriat.

302 1168 434 1253 Semper
456 1168 579 1252 piorum
599 1167 810 1231 innocentiam
831 1167 912 1232 solet
934 1166 1115 1253 iniquorum
1130 1166 1280 1317 nequitia
1305 1188 1404 1253 expe-

255 1256 366 1320 riendo
389 1256 536 1341 prosequi
559 1270 592 1319 et
615 1256 786 1331 invadere3
809 1256 898 1319 etde
922 1253 1048 1340 pietatis
1066 1252 1175 1340 justic'
1221 1254 1401 1319 occasionis

255 1344 420 1407 materiam
439 1343 585 1429 nequiter
600 1344 658 1408 sibi
674 1343 853 1408 excidendo
868 1342 1066 1428 exsculpere.
1114 1339 1186 1405 Nec
1202 1364 1354 1430 unquam
1368 1344 1404 1407 fi-

255 1432 373 1496 delimn
388 1431 546 1496 consortia
561 1444 709 1517 poterant
725 1431 769 1495 ita
784 1432 815 1495 in
831 1431 981 1495 bonitatis
996 1428 1207 1494 unanimitate
1226 1430 1403 1515 persistere

255 1520 330 1607 quin
353 1518 527 1583 infidelium
546 1520 674 1584 edacior
695 1519 813 1583 invidia
831 1518 1032 1583 contumeliae
1051 1516 1249 1602 vituperium
1268 1541 1340 1583 non
1359 1519 1402 1584 eis

255 1608 395 1694 potuerit
418 1607 582 1673 inferendo
606 1609 760 1692 ingerere.
809 1606 892 1671 Nam
915 1607 1052 1671 filiorum
1066 1606 1169 1670 Jacob
1185 1606 1290 1693 Josep
1312 1608 1403 1672 inno-

255 1710 380 1760 centem
395 1696 513 1760 invidia
528 1696 670 1762 vendidit
676 1720 684 1772 ;
701 1710 733 1760 et
754 1695 827 1760 inde
847 1695 1015 1760 infidelitas
1031 1693 1216 1778 apostolicae
1232 1695 1316 1759 fidei
1332 1695 1403 1759 fun·

255 1785 404 1848 (lamenta
422 1784 618 1869 experiendo
637 1783 804 1848 concussit.
852 1784 894 1846 Et
913 1806 976 1847 non
996 1804 1158 1867 nunquam
1178 1780 1280 1846 etiam
1296 1783 1404 1848 fideli-

253 1875 312 1936 bus
339 1874 441 1936 solent
471 1871 664 1936 infidelitatis
694 1871 878 1936 molimenta
902 1893 1080 1946 occurrere,
1109 1882 1142 1933 et
1169 1872 1405 1937 momentanei

254 1960 469 2045 temptationis
499 1960 642 2023 illusione
672 1960 830 2045 decipere.
882 1959 979 2025 Unde
1015 1957 1139 2034 Saulus,
1164 1957 1197 2020 in
1219 1958 1404 2043 primordio

254 2048 368 2125 artatis,
394 2048 608 2132 temptationis
632 2049 747 2133 probra
773 2047 930 2124 sustinuit,
951 2061 983 2111 et
1007 2045 1223 2130 temptationis
1251 2047 1403 2132 pondere

254 2153 444 2223 praeventns,
470 2135 500 2197 in
528 2135 679 2200 insaniam
705 2135 931 2222 persecutionis
954 2133 1082 2200 exarsit.
1130 2133 1286 2212 Demum,
1309 2158 1402 2214 vero,

259 2224 432 2309 Apostolici
452 2223 594 2287 culminis
617 2225 751 2308 gradum
773 2224 898 2301 meruit,
920 2238 953 2288 et
973 2224 1043 2309 plns
1064 2221 1209 2285 omnibus
1232 2221 1401 2304 laborans,

254 2312 377 2376 caeteris
393 2312 424 2374 in
439 2334 538 2396 regno
554 2312 748 2412 coaequetius
764 2335 832 2376 esse
847 2311 1033 2396 promeruit.
1078 2307 1161 2388 Nec,
1178 2309 1264 2389 ideo,
1283 2333 1402 2411 quem-

254 2400 337 2486 piam
364 2399 527 2476 debemus,
556 2424 644 2487 qnasr
669 2401 841 2485 reprobum
866 2398 1053 2484 judicando,
1077 2396 1228 2475 refutare,
1247 2421 1338 2485 quia,
1357 2400 1401 2467 ad

252 2501 448 2553 momentum
465 2487 626 2573 temporis,
643 2488 817 2574 quemlibet
833 2487 1002 2551 viderimus
1025 2485 1272 2570 temptationum
1297 2486 1404 2553 illusi-

254 2576 307 2639 oni
322 2578 538 2640 succumbere.
585 2576 636 2639 De
652 2577 812 2653 fratribus,
826 2575 931 2659 igitur,
949 2575 1004 2664 qui
1022 2573 1114 2638 Beati
1134 2574 1308 2639 Cuthbcrti
1324 2599 1401 2641 cor-

254 2687 312 2749 pus
327 2687 384 2749 per
399 2679 521 2749 septem
537 2687 690 2728 annorum
707 2665 850 2728 detulere
867 2664 1032 2741 cunicula,
1049 2685 1113 2726 non
1127 2661 1305 2746 poterimus
1321 2687 1401 2729 sen·

255 2753 314 2815 tire
330 2751 503 2827 dissimilia
520 2752 602 2838 quia,
620 2751 645 2814 si
662 2751 780 2838 aliquid
796 2752 840 2815 eis
856 2751 896 2814 ad
911 2764 1107 2815 momentum
1123 2749 1237 2814 subitae
1252 2762 1412 2838 tempta--

255 2839 347 2903 tionis
364 2839 499 2924 irrepsit,
525 2863 588 2903 non
611 2840 643 2903 id
666 2841 707 2903 ad
730 2863 840 2903 eorum
857 2837 1148 2924 condempnationis
1171 2837 1400 2909 testimonium

254 2928 311 2993 scd
330 2929 371 2991 ob
390 2927 569 3011 fragilitatis
589 2928 722 2991 conscire
742 2929 812 3005 fuit,
838 2941 870 2991 et
895 2928 1036 2991 incursus
1066 2926 1160 2990 subiti
1181 2926 1401 3011 impedimen·

255 3029 323 3079 tum
338 3016 387 3079 vel
408 3015 624 3079 infortunium.
643 3014 649 3019 ’
673 3017 753 3078 Haec
773 3015 878 3079 omnia
893 3015 1006 3079 iccirco
1022 3014 1239 3099 praemisimus,
1257 3015 1398 3102 quiade

257 3102 385 3180 Fratris,
411 3104 465 3189 qui
492 3117 689 3188 peccaverat,
715 3104 829 3167 merito
855 3103 906 3166 rel
931 3102 1053 3188 judicio
1076 3101 1188 3166 incerti
1211 3101 1398 3173 existimus.

257 3191 389 3256 Poterat
408 3190 491 3254 enim
511 3191 637 3255 evenire
655 3204 688 3255 ut
704 3214 807 3278 neque
824 3191 888 3276 ipse
904 3214 1007 3277 neque
1028 3203 1175 3276 parentes
1190 3190 1258 3275 ejus
1277 3213 1401 3275 pecca·

255 3280 367 3356 verint,
392 3293 428 3342 ut
451 3281 498 3342 sui
521 3279 635 3342 merito
662 3280 784 3365 peccati
807 3280 975 3365 vulpecula
996 3280 1110 3355 fieret3
1133 3278 1214 3341 sicut
1236 3292 1269 3342 et
1296 3279 1400 3348 Beati

257 3367 427 3432 Cuthberti
450 3367 592 3452 specialis
615 3368 767 3451 potentiae
790 3367 983 3453 praeconium
1002 3391 1070 3431 csse
1093 3367 1197 3452 potuit
1213 3381 1248 3429 ut
1263 3366 1398 3435 virtutis

255 3479 320 3518 suae
336 3455 503 3519 efficatiam
527 3455 558 3518 in
575 3457 642 3540 ejus
663 3456 883 3541 experimento
899 3456 1060 3519 edoceret.
1109 3454 1173 3518 Sed
1192 3455 1232 3518 de
1253 3454 1301 3518 his
1321 3458 1397 3541 jam

254 3543 327 3607 satis
340 3543 491 3606 diximus:
507 3567 588 3606 nirnc
601 3557 707 3607 autem
720 3545 761 3608 ad
773 3544 914 3607 miraculi
927 3544 1071 3607 ordinem
1082 3543 1254 3606 veniamus.
1291 3545 1395 3627 Cum,

254 3631 371 3718 itaque,
392 3631 485 3694 Beati
501 3631 670 3695 Cuthbcrti
682 3655 795 3717 corpus
807 3632 1049 3718 circumquaque
1066 3631 1096 3693 in
1112 3631 1398 3700 tabernaculorum

253 3719 442 3784 umbraculis
458 3720 758 3797 circumduceretur,
777 3720 920 3804 contigit,
938 3734 984 3797 ut,
1003 3744 1022 3782 a
1041 3719 1183 3783 fidelium
1206 3718 1343 3803 populis,
1361 3724 1398 3787 ei

254 3808 426 3892 sollempne
442 3807 600 3871 servitutis
613 3809 809 3894 obsequium,
828 3822 860 3871 et
876 3809 915 3871 ab
928 3808 1072 3871 omnibus
1085 3807 1179 3870 ctiam
1193 3807 1393 3892 alienigenis,

254 3895 399 3958 certatim
414 3895 660 3980 impenderetur.
694 3895 755 3959 Alii
766 3896 848 3959 enim
862 3895 891 3958 ei
907 3895 1137 3972 nummismata,
1154 3896 1240 3959 flexo
1255 3896 1393 3979 poplite,

255 3982 451 4057 offerebant3
472 3982 600 4068 quidam
620 3983 808 4047 vestimenta
830 3983 982 4068 praeciosa
997 3984 1048 4046 vel
1067 3983 1166 4046 serica
1185 3984 1226 4046 ad
1245 3983 1312 4067 ejus
1332 3983 1395 4049 ho-

254 4068 338 4130 noris
357 4070 518 4133 cumulum
536 4085 568 4134 et
587 4072 761 4135 sanctitatis
779 4071 994 4135 testimonium
1015 4071 1222 4134 deferebant:
1246 4074 1394 4137 nonnulli

254 4155 350 4219 etiam
365 4156 463 4219 linum
478 4159 528 4221 vel
541 4159 684 4236 stamina,
701 4159 806 4222 lanam
818 4160 868 4222 vel
882 4160 1020 4223 vellera:
1038 4158 1150 4245 quibus
1166 4182 1243 4222 vero
1258 4158 1391 4224 minoris

254 4243 405 4329 impendii
416 4245 548 4309 facultas
561 4246 738 4323 exstiterat,
755 4270 852 4332 panes
864 4248 915 4311 vel
927 4270 1053 4311 caseum
1068 4247 1284 4332 proferebant.
1332 4246 1389 4324 Et,

253 4331 328 4395 licet
350 4330 488 4396 discreta
509 4333 721 4397 deferentium
744 4349 827 4399 esset
850 4334 979 4412 oblatio,
1001 4335 1105 4420 potuit
1129 4347 1234 4400 tamen
1259 4356 1390 4417 compar

253 4434 320 4484 esse
336 4419 440 4484 meriti
461 4443 571 4483 eorum
590 4421 773 4485 intentionis
796 4422 933 4487 affectio.
983 4422 1131 4496 Quodam
1147 4447 1223 4487 vero
1244 4438 1389 4507 tempore
