2924 4966
150 371 223 436 ΞΜ
514 384 729 434 arsissans
760 383 944 432 nosacnt

154 549 380 635 praeveniendo
404 547 549 611 desierit.
607 549 809 621 Accurrunt;
834 545 851 610 ὲ
875 568 972 610 manu
996 546 1140 613 tenentis
1166 570 1308 634 pannum

155 637 326 701 extrahere
343 636 461 699 viribns
485 635 687 710 conriiciunt3
710 635 767 698 sed
789 634 822 698 id
845 634 1087 720 intemptantes,
1107 659 1168 700 nec
1189 637 1307 702 virtute

155 726 205 788 sel
230 724 357 807 ingenio
380 725 535 807 perficere
559 735 746 807 potuerunt.
793 721 942 786 Tandem
958 722 1105 788 videntes
1123 723 1189 787 Dei
1211 724 1307 804 solius

154 835 321 897 superesse
336 811 524 886 subsidium,
546 813 735 874 Sanctorum
754 809 819 873 Dei
841 809 991 874 invocare
1003 809 1223 875 deliberavire
1239 835 1309 876 ora·

155 899 249 963 tionis
262 898 426 962 auxilium.
477 897 542 960 Sed
555 897 669 961 nullius
689 897 879 961 Sanctorum
898 896 963 961 Dei
974 898 1130 962 memoria
1144 897 1191 963 eis
1207 898 1307 984 magis

156 987 305 1064 innotuit,
316 986 411 1072 qnam
432 986 524 1048 Beati
543 984 715 1049 Cuthberti
731 984 861 1069 gloriosi
881 985 1095 1063 Confessoris,
1111 987 1309 1070 cujusvene-

156 1073 272 1138 rationi
288 1073 456 1157 sollempni
480 1073 647 1136 ecclesiola
669 1071 702 1134 in
717 1072 829 1136 eadem
847 1072 954 1136 villula
969 1072 1120 1137 dedicata
1134 1073 1207 1137 fuit.
1256 1075 1308 1137 In-

157 1164 339 1225 firmantem
354 1161 451 1244 igitur
466 1159 508 1222 ad
522 1159 689 1223 ecclesiam
706 1159 898 1244 producunt,
915 1173 949 1224 et
964 1159 1009 1245 pii
1028 1160 1229 1225 Confessoris
1245 1162 1309 1225 cle·

155 1249 308 1312 mentiam
318 1247 490 1311 lacrimosis
500 1247 732 1311 desideriorum
743 1246 824 1311 votis
833 1255 1024 1332 exposcunt.
1048 1247 1143 1312 Nunc
1153 1248 1194 1312 de
1205 1248 1306 1326 fonte,

155 1336 211 1424 qui
231 1335 339 1400 Sancti
355 1334 528 1399 Cuthberti
544 1334 672 1412 dicitur,
684 1358 781 1421 aquas
794 1334 999 1416 exhauriunt,
1013 1348 1047 1398 et
1063 1339 1112 1399 ori
1127 1335 1308 1420 languentis

156 1423 208 1487 vel
224 1425 331 1488 manui
347 1437 523 1486 contractae
545 1422 753 1506 perfundunt,
771 1421 869 1486 modo
891 1422 999 1486 altaris
1023 1422 1160 1488 sullimia
1174 1423 1306 1501 adeunt,

155 1511 348 1597 quandoque
364 1525 518 1573 curvante
535 1509 657 1593 poplite
673 1510 836 1574 solotenus
852 1510 1003 1594 prostrati
1023 1510 1153 1573 Domini
1169 1510 1308 1574 elemen-

156 1599 232 1662 tiam
248 1597 468 1682 implorarunt.
512 1595 617 1661 Nocte
634 1598 712 1662 verb
726 1597 983 1682 superveniente,
997 1597 1029 1660 in
1045 1598 1159 1661 eadem
1174 1598 1308 1662 ecclesia

158 1685 300 1749 Domino
326 1684 496 1769 pervigiles
526 1683 740 1769 permansira
769 1700 803 1749 et
831 1685 1140 1749 Sancti'Cntlrberti
1167 1686 1310 1749 remedia

155 1772 336 1837 miserando
359 1771 567 1836 desolationis
594 1795 713 1856 genere
743 1771 919 1857 expetiere.
967 1771 1060 1835 Tunc
1090 1787 1164 1857 post
1193 1773 1308 1837 mediae

156 1860 257 1924 noctis
281 1860 416 1934 exitum,
441 1874 605 1924 consueta
628 1859 687 1923 sibi
715 1860 842 1945 pietatis
867 1859 1031 1923 delaturus
1054 1859 1220 1938 anxilium,
1237 1860 1308 1944 pius

158 1948 290 2011 Domini
310 1947 483 2012 Confessor
499 1947 601 2024 affuit,
620 1962 652 2010 et
669 1962 704 2011 ut
725 1947 871 2032 pontifex
887 1947 1038 2011 infulatus
1055 1946 1072 2009 i
1088 1971 1213 2011 summo
1228 1949 1309 2012 alta-

155 2035 197 2098 ris
214 2036 255 2098 ad
271 2036 414 2099 ecclesiae
432 2035 528 2119 ipsius
544 2034 696 2099 inferiora
711 2036 875 2120 processit.
924 2035 976 2098 Ad
990 2034 1198 2119 languentem
1220 2035 1310 2100 deni-

156 2145 220 2208 que
240 2123 407 2199 accedeus,
433 2145 563 2185 manum
581 2137 779 2187 contractam
799 2123 916 2187 dextrlr
939 2124 997 2185 sua
1022 2122 1141 2207 tetigit,
1162 2137 1196 2188 et
1219 2122 1309 2209 quasi

155 2209 258 2273 ferula
273 2210 490 2293 contingentis
510 2210 628 2293 digitos
651 2223 859 2294 procurvatos
881 2210 1048 2295 percussit.
1098 2209 1182 2285 Quae
1201 2211 1308 2295 puella

156 2297 268 2360 videns
284 2311 317 2361 et
333 2297 593 2373 contremiscens,
611 2320 689 2361 voce
707 2298 791 2362 elata
806 2299 915 2361 matris
931 2297 1085 2361 auxilium
1102 2297 1305 2382 implorabat,

157 2397 191 2447 et
214 2384 289 2470 quia
305 2383 354 2447 vir
376 2384 488 2470 aliquis
512 2407 642 2447 manum
666 2385 804 2449 dolentis
828 2384 1055 2470 comprimeret
1077 2385 1307 2471 proclamabat.

162 2471 245 2544 Quae
270 2471 456 2555 improvide,
478 2471 587 2534 animo
610 2472 708 2537 dueta
722 2473 885 2549 foemineo,
903 2496 978 2536 mox
999 2473 1075 2536 filiae
1096 2496 1164 2566 suae
1188 2472 1306 2558 digitos

156 2559 263 2643 palmo
283 2558 449 2633 conclusit,
472 2573 505 2621 et
524 2572 648 2623 arctum
671 2560 786 2644 palmae
808 2561 889 2624 illius
908 2562 998 2647 quasi
1019 2560 1061 2624 ab
1076 2560 1163 2624 omni
1178 2560 1306 2625 incursu

155 2646 324 2709 subitaneo
339 2660 535 2729 protectura,
553 2647 751 2731 compressit.
800 2648 916 2712 Statim
929 2646 1005 2711 verb
1019 2647 1097 2711 visio
1107 2648 1251 2733 jocunda
1266 2649 1307 2713 ab

156 2733 255 2797 oculis
279 2733 395 2817 puellae
418 2732 586 2818 disparuit,
604 2734 662 2798 sed
685 2749 792 2799 tamen
809 2736 850 2799 ad
865 2748 1050 2800 contactum
1069 2736 1178 2800 Sancti
1196 2735 1304 2800 Ponti-

155 2822 222 2885 ficis
233 2820 407 2904 digitorum
425 2843 583 2904 procurva
594 2823 774 2887 contractio
786 2823 1018 2927 aliquantulum
1033 2838 1153 2900 erecta,
1166 2846 1307 2908 pannum

155 2932 251 2995 quem
267 2922 400 2972 eatenus
416 2909 531 2985 tenuit,
550 2910 566 2973 Ξι
584 2933 618 2973 se
631 2910 738 2973 divelli
754 2910 853 2974 libere
869 2910 1022 2995 permisit.
1057 2910 1155 2975 Unde
1167 2911 1208 2974 de
1224 2932 1307 2996 prae-

155 2996 243 3082 cipiti
267 2997 324 3060 sula
344 2996 513 3060 velocitate
537 2996 709 3080 plurimum
732 2999 936 3082 gemebunda
958 3012 1061 3062 mater
1083 2997 1167 3062 illius
1190 2998 1307 3062 effecta

155 3097 215 3160 est,
232 3086 309 3170 quia
331 3106 389 3166 per
411 3106 481 3147 eam
506 3083 590 3148 sorte
614 3084 698 3148 salus
722 3098 797 3148 tunc
818 3085 942 3149 coelitus
969 3085 1119 3150 donanda
1141 3085 1307 3173 aliquanto

152 3171 273 3235 diutins
289 3171 449 3255 protelata
464 3185 523 3235 est.
573 3171 664 3256 Opus
679 3172 809 3259 quidem
821 3172 920 3236 divini
934 3172 1101 3237 ministerii
1116 3196 1180 3238 non
1193 3173 1306 3237 debuit

154 3259 295 3329 humano
311 3258 479 3323 conamine
495 3259 677 3342 praepediri,
695 3259 770 3345 quia
785 3260 862 3324 dnm
878 3283 953 3324 caro
968 3260 1056 3325 carni
1072 3261 1242 3326 subvenire
1258 3261 1325 3325 ni.»

155 3346 243 3422 titur,
276 3346 376 3409 fustra
406 3361 552 3423 conatur,
578 3345 637 3409 nisi
672 3346 792 3430 Spiritu
822 3347 887 3411 Dei
915 3348 1107 3433 disponente
1138 3348 1306 3434 dirigatur.

159 3433 366 3497 Orationibus
385 3434 505 3497 exinde
524 3434 593 3497 tota
615 3447 712 3498 nocte
727 3449 888 3512 vacantes
906 3458 1000 3499 mane
1019 3435 1107 3500 facto
1126 3451 1243 3500 cuncta
1257 3459 1308 3500 sa-

154 3520 277 3583 cerdoti
302 3520 457 3597 referunt,
474 3537 508 3584 et
531 3535 567 3584 ut
590 3520 636 3585 eis
659 3544 755 3606 opem
777 3521 899 3586 consilii
923 3521 1095 3600 conferret,
1113 3523 1189 3588 satis
1212 3521 1307 3588 anxie

154 3607 374 3691 implorarunt.
425 3608 572 3672 Perlecto
599 3608 640 3672 ad
670 3608 801 3673 Missam
826 3610 1026 3694 evvangelio,
1047 3610 1133 3675 idem
1156 3611 1305 3675 sacerdos

153 3695 374 3778 proximorum
383 3695 609 3779 compatiendo
620 3696 765 3774 miseriis,
777 3697 930 3782 praecepit
946 3699 986 3762 ab
1002 3697 1150 3762 omnibus
1162 3696 1232 3761 fieri
1249 3720 1307 3783 per

154 3780 321 3845 ecclesiam
334 3781 443 3846 novies
458 3805 517 3866 pro
529 3784 597 3869 ejus
609 3784 763 3868 sospitate
775 3784 1001 3869 compendium
1013 3785 1088 3849 satis
1104 3784 1304 3850 notissimum

154 3868 323 3933 dominicae
346 3866 510 3935 orationis.
557 3882 579 3910 “
593 3871 694 3948 Hiis,”
710 3871 867 3959 inquiens,
886 3872 1023 3935 “verbis
1040 3872 1210 3936 dominicae
1229 3873 1306 3936 doc·

154 3956 248 4019 trinae
266 3955 372 4019 Deum
390 3971 590 4036 venerantes,
615 3958 724 4022 Sancti
747 3959 918 4024 Cuthberti
940 3959 1142 4024 clementiam
1165 3982 1225 4045 pro
1245 3959 1305 4025 hac

152 4044 327 4127 languente
344 4046 559 4127 expostulate.
608 4046 727 4110 Potens
743 4047 873 4147 quidem
893 4060 942 4111 est
964 4070 1024 4131 pro
1039 4048 1093 4112 ills
1111 4047 1231 4112 Christi
1247 4050 1307 4111 mi·

152 4131 359 4194 sericordiam
368 4131 550 4215 impetrare,
562 4145 596 4196 et
612 4134 807 4199 Sanctissrmi
826 4133 992 4198 Laurentii
1007 4135 1143 4219 preciosi
1154 4136 1304 4221 martyris

154 4218 307 4282 offensam
319 4241 378 4281 suo
392 4219 447 4303 pio
462 4218 644 4284 interventu
661 4221 799 4305 placare.
848 4224 1022 4288 Consortes
1038 4221 1168 4309 quidem
1184 4222 1218 4285 in
1232 4244 1306 4307 reg·

151 4325 195 4368 no
209 4305 321 4389 gloriae
346 4304 409 4369 Dei
426 4319 509 4381 sunt,
528 4320 561 4370 et
583 4306 699 4371 iccirco
712 4322 850 4396 ¹uterque
867 4310 909 4374 ad
932 4309 1063 4373 alterins
1079 4322 1156 4373 vota
1171 4322 1204 4373 et
1220 4308 1304 4374 desi-

152 4392 241 4456 deria
256 4392 446 4477 complenda
467 4393 541 4456 satis
563 4393 822 4460 sibi‘adinvieem
847 4396 1017 4483 placabiles
1037 4398 1140 4461 sunt.’'
1188 4397 1306 4482 Cujus·
