2924 4966
472 397 653 448 acuatu.
675 397 881 459 LIBELLUS,
900 397 987 446 arc.
1259 379 1300 445 11

155 562 248 641 stitit,
265 577 298 627 et
314 586 334 626 a
348 559 441 644 longe
454 574 526 646 post
544 559 652 646 Moysi
669 572 759 644 terga
774 559 916 659 respexit
942 607 949 623 .
975 558 1233 622 Tabernaculum
1245 560 1307 625 hoc

156 648 444 715 abrenunciationis
468 647 576 710 saeculi
599 646 763 730 accipitur,
781 648 836 710 ubr
857 646 898 710 de
915 645 1101 731 captivitate
1116 647 1224 709 saeculi
1240 647 1308 711 ani-

135 775 138 781 ·
156 747 231 800 mus
250 737 456 819 naufragatur
480 783 488 798 .
514 733 645 820 Moyses
666 733 761 809 eninr,
779 733 845 819 qui,
863 733 904 797 de
920 735 1002 818 aqua
1017 745 1191 813 extractus,
1209 733 1308 798 inter-

156 837 312 909 pretatur,
319 824 459 887 animum
471 820 639 904 significat,
651 819 716 906 qui,
724 820 1006 884 abrenunciatione
1017 819 1184 897 saeculi‚de
1197 822 1307 885 mundi

156 909 414 995 concupiscentia
428 908 582 972 liberatur
606 955 614 970 .
640 906 899 971 Tabernaculum
919 930 996 970 vero
1012 907 1099 992 quod
1118 907 1195 971 foris
1214 920 1309 973 extra

153 1012 261 1069 castra
276 997 370 1080 erigit
386 995 522 1059 intentio
538 1008 586 1058 est
602 993 737 1057 caelestis
753 994 860 1071 studii,
878 1017 936 1078 per
951 995 1049 1080 quod,
1067 994 1112 1058 eis
1128 1017 1201 1080 quae
1216 995 1308 1080 spiri-

154 1084 257 1148 tualia
279 1097 351 1147 sunt
375 1106 408 1146 se
432 1081 565 1146 innectit
590 1129 597 1145 .
624 1080 805 1164 Columpna
828 1081 919 1164 ignis,
937 1104 1009 1167 quae
1025 1080 1067 1144 ad
1081 1081 1221 1145 hostium
1236 1082 1309 1146 des-

157 1172 276 1247 cendit,
293 1172 421 1234 flamma
442 1169 586 1233 karitatis
613 1169 731 1231 divinae
754 1172 813 1245 e'st,
834 1191 917 1254 quae,
936 1190 1048 1231 eorum
1071 1168 1204 1245 animos,
1221 1169 1307 1233 dono

150 1257 269 1342 ¹gratiae
292 1257 427 1321 caelestis
450 1258 491 1321 ad
513 1256 689 1341 spiritualia
710 1255 874 1319 ascendit:
898 1256 1000 1319 nubes
1022 1278 1096 1341 quae
1118 1255 1233 1340 operit,
1250 1256 1309 1320 mi·

157 1344 330 1408 sericordia
353 1345 418 1408 Dei
441 1357 500 1421 est,
517 1367 590 1429 quae
614 1343 752 1406 animam
769 1341 970 1427 protegendo
986 1341 1144 1407 custodit:
1168 1343 1307 1408 bostium

157 1433 190 1495 in
205 1432 293 1518 quod
308 1431 512 1495 descenditur
535 1429 611 1494 fidei
633 1430 759 1494 bonitas
775 1442 834 1506 est,
851 1430 941 1513 cujus
964 1429 1085 1513 pietate
1101 1429 1168 1513 spei
1191 1429 1309 1494 fiducia

158 1519 318 1583 enutritur
342 1566 350 1582 .
376 1519 508 1604 Moyses
531 1517 683 1603 loquitur,
712 1528 745 1580 et
769 1515 927 1580 Dominus
954 1515 1148 1600 respondere
1178 1517 1306 1595 dicitur,

158 1606 245 1692 quia,'
256 1607 353 1690 juxta
368 1605 411 1691 pii
428 1619 539 1669 votum
553 1603 716 1681 desiderii,
733 1602 944 1687 compacienti
963 1602 1173 1667 medicamine
1193 1604 1308 1667 animae

158 1693 340 1756 vulneribus
370 1691 657 1756 condescendendo
687 1688 856 1754 subvenire
886 1690 1113 1773 comprobatur
1141 1736 1149 1752 .
1175 1690 1309 1755 Hebraei

152 1779 286 1844 interim
302 1780 334 1842 in
350 1780 432 1843 ostio
448 1778 644 1863 papilionum
659 1799 787 1840 suarum
802 1788 874 1860 post
892 1775 1000 1860 Moysi
1016 1787 1108 1858 terga
1122 1776 1307 1860 respiciunt,

158 1867 233 1953 quia
247 1867 359 1930 fideles
372 1866 571 1950 animaequae
584 1887 603 1927 a
614 1863 723 1926 saeculi
735 1861 900 1926 desideriis
913 1861 1047 1925 transire
1060 1862 1238 1927 deliberant
1252 1887 1309 1928 ex·

159 1954 264 2038 empla
279 1952 489 2038 spiritualium
505 1964 538 2015 et
553 1950 689 2034 vestigia
707 1949 863 2013 virtutum
882 1948 1000 2013 imitari
1019 1949 1166 2013 conando
1185 1950 1310 2016 detrac-

160 2053 241 2103 tant.

216 2301 316 2365 CAP.
336 2301 368 2364 V
366 2301 473 2363 .—De
487 2299 694 2450 quadrimodyl
707 2299 999 2449 &grumorum
1017 2299 1213 2363 Discretioac
1227 2309 1257 2363 et

689 2408 707 2449 ο
770 2409 781 2448 ι
805 2435 812 2452 .

152 2589 153 2593 ’
208 2559 352 2622 Primum
374 2559 473 2642 igitur
496 2557 748 2634 tabernaculum,
767 2557 799 2620 in
822 2558 955 2621 heremo
971 2556 1169 2622 solitudinis:
1191 2559 1310 2622 Secun-

161 2647 249 2722 dum,
268 2646 535 2730 concupiscentiae
550 2644 743 2730 corporalis:
760 2644 903 2720 tertium,
915 2643 1094 2708 afflictionis
1110 2657 1144 2708 et
1155 2645 1311 2709 viciorum

161 2733 416 2797 colluctationis:
440 2745 601 2819 quartum,
619 2731 738 2796 terreni
753 2730 904 2794 desiderii
920 2731 1206 2795 abrenuntiationis
1234 2779 1242 2795 .
1272 2733 1311 2796 In

161 2820 275 2905 primo,
294 2819 541 2905 temptationum
563 2817 697 2881 stimulis
720 2839 872 2902 urgemur
890 2817 947 2880 sed
971 2832 1034 2881 non
1056 2819 1309 2895 succumbimus;

162 2907 361 2983 insecundo,
380 2906 509 2970 aestibus
525 2905 668 2989 corporis
683 2904 861 2981 atterimur,
880 2903 936 2967 sed
952 2903 1091 2967 motibus
1110 2905 1245 2989 propriis
1261 2929 1311 2969 se·

162 2993 251 3057 ducti
267 2992 494 3077 deprimimur:
511 2992 544 3054 in
559 2992 671 3069 terci0,
683 2990 846 3054 doloribus
862 2990 1006 3054 tribulati
1021 3013 1079 3075 per
1094 2992 1228 3057 adversa
1242 2993 1311 3056 sola

162 3080 204 3142 ad
220 3080 329 3143 salut-is
345 3078 540 3143 desiderium
554 3077 693 3162 reparati
708 3078 911 3141 reducimur:
936 3077 968 3139 in
984 3090 1099 3163 quarto
1114 3092 1233 3155 autem,
1251 3102 1310 3140 sae-

163 3165 225 3227 culi
242 3165 407 3228 desideriis
423 3179 456 3228 et
472 3164 735 3249 concupiscentiis
751 3163 1025 3240 abrenunciamus,
1040 3177 1073 3227 et
1088 3186 1108 3227 a
1119 3165 1229 3228 mundi
1241 3165 1311 3228 ille-

162 3251 265 3314 cebris
288 3264 502 3335 temperamus
528 3298 536 3314 .
562 3251 671 3315 Primo
690 3252 848 3315 calcamus
863 3250 971 3314 saeculi
991 3251 1114 3327 luxum,
1133 3265 1166 3314 et
1185 3253 1309 3315 fluxum

162 3337 311 3400 desiderii
328 3337 524 3420 appetitum
548 3339 689 3402 secundo
704 3338 846 3421 corporis
862 3351 975 3400 aestum
994 3336 1188 3420 experimur,
1206 3351 1239 3402 et
1254 3360 1311 3402 vo-

153 3424 293 3508 luptatis
310 3423 467 3487 illecebris
477 3424 634 3488 vulnerati
650 3424 871 3499 confodimur3
887 3424 999 3501 tercio,
1016 3446 1075 3508 per
1090 3446 1310 3490 arnararesur-

154 3511 267 3595 gimur
279 3525 312 3575 et
328 3510 584 3574 tribulationibus
600 3510 783 3586 erudimur:
799 3523 924 3597 quart0,
942 3511 983 3574 de
995 3509 1197 3574 inferioribus
1209 3524 1311 3576 trans·

154 3598 333 3682 migramus
356 3611 388 3661 et
412 3621 508 3681 supra
523 3597 686 3661 hominem
707 3597 783 3660 elati
805 3599 943 3661 humana
962 3597 1211 3662 transcendimus
1237 3645 1244 3662 .
1271 3600 1310 3663 In

153 3685 276 3769 primo,
292 3677 474 3749 ¹invenimus
494 3684 602 3748 saeculi
622 3696 865 3768 contemptum
888 3683 922 3745 in
941 3684 1092 3760 secundo,
1109 3685 1215 3769 lapsus
1235 3707 1310 3770 pec-

162 3772 224 3836 cati
241 3771 453 3848 desiderium:
472 3772 505 3835 in
520 3771 632 3849 tercio,
649 3770 825 3855 respirandi
839 3770 1018 3854 refugium3
1041 3770 1074 3833 in
1110 3784 1204 3835 uarto
1219 3795 1307 3852 vero,

154 3859 317 3924 viciorum
339 3859 582 3944 subterfugium,
600 3872 633 3923 ct
652 3857 779 3921 virtutis
798 3858 1005 3942 procreandae
1024 3793 1276 3925 emolumentum
1300 3907 1308 3924 .

153 3946 308 4011 Primum
335 3947 445 4011 estad
468 3945 660 4010 informandi
686 3944 783 4009 animi
808 3944 1040 4020 eruditionem:
1071 3946 1247 4011 secundum
1268 3948 1310 4012 ad

163 4035 380 4121 temptationis
396 4033 652 4119 experimentum
667 4045 700 4097 et
715 4031 950 4117 cognitionem3
981 4031 1116 4096 tercium
1131 4032 1172 4096 ad
1188 4034 1312 4098 exerci-

152 4123 291 4186 tationis
306 4122 538 4196 eruditionem3
554 4133 702 4208 quartum
712 4141 789 4184 vero
803 4120 846 4184 ad
860 4118 1170 4187 interioris'hominis
1185 4120 1312 4186 institu-

152 4209 308 4273 tionem.
328 4209 388 4272 His
400 4209 498 4294 igitur
509 4221 647 4295 quatuor
658 4207 870 4274 tabernaculis
882 4207 1122 4292 apprehendere
1133 4208 1311 4279 ¹edocemur

163 4297 287 4360 exitum
303 4296 489 4382 aditumque
506 4295 643 4360 virtutis,
