2924 4966
478 412 658 463 uuusnu.
680 412 883 475 crassius,
905 412 989 461 arc.
1234 394 1308 467 *209

151 572 288 641 harenas
303 572 472 659 irrigando
486 574 588 655 alluit,
601 574 698 663 quim
713 576 755 639 ad
778 590 916 639 semotas
940 576 1208 661 longinquitatum
1225 574 1304 637 funs

151 664 294 749 attingit.
357 664 412 725 Sic
441 673 475 725 et
509 662 602 727 Beati
633 663 807 727 Cutlrberti
838 664 1056 727 misericordia
1087 662 1178 723 nobis
1208 660 1302 725 citius

152 764 265 815 manus
288 749 396 814 solatii
418 749 563 834 porrigit,
580 748 677 838 quim
693 750 824 813 remotis
847 772 914 813 stuc
937 751 1087 813 noticiam
1105 748 1230 813 virtutis
1253 774 1304 809 os-

152 837 267 902 tendit.
316 836 390 901 Nec
405 848 514 901 tamen
529 836 613 901 iuter
627 838 739 902 affines
754 851 787 902 ct
803 838 994 903 semociorcs
1006 836 1126 924 aliquid
1142 836 1228 900 aliud
1241 836 1305 898 dis-

153 924 281 1011 tinguit,
295 922 357 987 uisi
372 924 442 989 sola
452 923 580 1009 pietatis
595 924 740 1002 devotio,
757 946 830 1011 quoe
847 924 1019 989 visceribus
1036 924 1131 1007 ipsius
1147 924 1306 987 tulmimu·

152 1012 201 1075 dae
212 1009 458 1097 compassionis,
469 1012 583 1075 vulnus
592 1012 800 1097 compassiva*
810 1012 1020 1075 miserationis
1033 1010 1157 1095 infligit.
1209 1010 1304 1075 lfude

152 1098 229 1163 nulli
245 1098 424 1185 postulanti
439 1122 506 1162 suae
522 1098 649 1163 virtutis
664 1099 913 1163 misericordiam
928 1100 1079 1183 denegat,
1096 1097 1121 1161 si
1137 1120 1208 1161 cam
1225 1098 1304 1161 lidcs

154 1186 317 1251 vivificans
333 1208 376 1249 ex
388 1208 447 1271 spe
458 1186 634 1250 certissima
648 1186 820 1251 dilectione
832 1188 1012 1250 confirmat.
1061 1186 1160 1259 Quod
1175 1184 1305 1271 ‹ptidam

153 1273 342 1359 peregrinus
358 1292 462 1358 nuper
477 1274 582 1357 operis
597 1286 632 1337 et
647 1274 773 1337 virtutis
788 1273 901 1337 didicit
916 1273 1149 1357 experimento,
1167 1276 1221 1359 qui
1237 1295 1307 1335 ‹nir-

155 1361 245 1425 uibus
269 1374 320 1425 est
345 1360 452 1425 forma
471 1360 550 1425 fidei
574 1361 731 1424 doctrinae
755 1375 789 1425 et
812 1364 914 1425 lirmoe
938 1360 1117 1425 devotionis
1144 1361 1305 1444 exeruplo.

159 1448 232 1526 Hic,
250 1471 403 1535 namque,
420 1446 549 1533 cingulo
564 1448 671 1513 ferreo
686 1449 846 1513 accinctus
862 1449 978 1525 fuerat,
993 1448 1068 1534 quia
1090 1447 1213 1533 peccati
1229 1448 1307 1511 litei-

158 1558 216 1599 uus
228 1534 337 1621 diguae
350 1533 481 1599 ultionis
490 1534 593 1619 gratia
608 1535 721 1621 punire
731 1536 930 1600 decreverat.
971 1534 1098 1619 Nempe
1110 1549 1306 1619 congustum

154 1623 344 1709 sanguinem
360 1622 392 1685 in
411 1621 461 1687 ira
482 1621 598 1686 furoris
621 1623 790 1700 effuderat,
807 1636 841 1687 et
863 1624 1039 1707 parentelae
1061 1622 1307 1707 consanguinea

155 1724 282 1775 reatum
296 1708 477 1775 facinorose
492 1722 709 1774 contraxerat.
758 1711 856 1776 Unde
872 1710 1011 1796 quodam
1033 1709 1190 1773 Pontifice
1206 1724 1308 1773 trans-

155 1799 279 1862 marino
294 1796 497 1881 injungente,
513 1797 555 1860 de
570 1796 679 1883 gladio
694 1822 759 1884 quo
774 1797 911 1883 proximi
925 1797 1112 1883 sauguinem
1131 1798 1307 1861 effervente

155 1883 211 1949 iroe
233 1884 336 1949 livore
359 1884 532 1963 effuderat,
548 1884 691 1949 dictante
713 1885 898 1971 poenitentis
921 1885 1037 1949 anima·
1060 1885 1244 1962 devotione,
1264 1885 1307 1948 ad

154 1969 357 2057 poenitentioe
372 1970 561 2036 memoriam
577 1971 781 2057 circumcingi
801 1973 969 2037 debuerat.
1019 1972 1095 2050 Qui,
1113 1972 1170 2036 tali
1185 1972 1308 2036 accinc-

155 2070 208 2123 tus
215 2058 373 2137 funiculo,
386 2080 519 2143 gravem
530 2082 636 2143 poenoe
648 2054 821 2124 vindictam
831 2060 927 2124 subiit
939 2083 998 2145 pro
1008 2060 1139 2124 delicto.
1179 2058 1307 2143 Nempe.

154 2146 232 2211 ferri
250 2146 391 2211 duricies
414 2158 450 2209 et
470 2146 625 2231 rubiginis
640 2168 736 2232 quam
759 2146 852 2211 citius
868 2147 1005 2212 educata
1027 2170 1145 2230 rugosa
1159 2147 1308 2211 materies

154 2256 200 2299 ex
214 2245 381 2297 vetustate
403 2232 523 2297 diutius
546 2234 698 2318 protelati
721 2235 884 2319 temporis,
910 2248 1011 2299 totam
1037 2257 1117 2318 pene
1137 2233 1308 2297 molliciem

154 2332 338 2386 corroserat
356 2318 472 2384 carnis.
520 2320 652 2385 Ventris
674 2323 795 2386 etenim
817 2321 904 2407 adipi
921 2324 991 2407 jam
1014 2321 1068 2385 diu
1085 2321 1257 2399 insederat,
1275 2335 1309 2385 et

155 2407 243 2473 lenia
255 2428 373 2471 renum
387 2407 490 2473 latera
512 2408 684 2473 exedendo
704 2422 911 2494 corruperat3
927 2409 1113 2495 spinamque
1129 2409 1215 2472 dorsi
1237 2432 1310 2495 pos-

157 2494 259 2559 terius
271 2495 342 2579 jam
358 2496 512 2579 exempta
527 2516 622 2559 carne
646 2510 836 2561 corroserat.
880 2497 954 2560 Jam
970 2496 1068 2580 igitur
1083 2496 1142 2559 sibi
1158 2495 1309 2560 movendi

154 2582 276 2647 solatio
291 2582 343 2645 vel
356 2581 585 2667 progrediendi
599 2583 741 2647 subsidio
758 2583 812 2646 vix
827 2583 966 2648 adfuisse
982 2596 1120 2668 poterat,
1137 2584 1212 2671 quia
1223 2584 1309 2647 latus

154 2668 383 2734 decumbentis
398 2668 554 2733 duriciam
576 2672 706 2756 excepit
725 2669 932 2734 strictissimae
954 2671 1140 2755 compedis;
1164 2672 1310 2735 dorsum-

178 2778 221 2821 ue
235 2755 417 2841 resupinari
431 2778 495 2820 uon
510 2769 650 2842 poterat,
663 2759 739 2845 quia
750 2757 846 2822 nudae
861 2758 961 2843 spinae
974 2758 1182 2823 dimaceratio
1198 2758 1231 2821 id
1246 2758 1311 2821 suf-

154 2778 243 2909 ferre
266 2864 331 2906 uon
352 2842 540 2908 sufficiebat.
587 2844 705 2909 Manus
722 2857 799 2908 vero
814 2845 987 2910 admovere
1010 2845 1174 2923 lateribus,
1192 2847 1308 2922 ventri,

155 2930 210 2995 rel
233 2929 351 2995 lumbis
366 2952 432 2994 non
451 2930 675 3015 praevaluerat,
693 2931 768 3018 quia
790 2932 910 2997 doloris
925 2933 1048 2997 insania
1069 2933 1139 2996 lraec
1155 2931 1262 2995 omnia
1277 2931 1310 2993 in

155 3016 441 3101 intemperantiam
463 3030 727 3083 commutaverat.
775 3018 846 3083 Nec
862 3020 918 3083 vix
937 3019 1071 3104 vestigia
1093 3020 1125 3081 in
1149 3018 1310 3082 anteriora

154 3116 289 3189 poterat
303 3102 541 3190 progrediendo
556 3105 729 3183 divertere,
744 3128 787 3170 eu
802 3107 889 3193 quod
912 3130 1083 3170 nervorum
1099 3106 1216 3170 siccata
1233 3127 1309 3168 cou-

155 3190 276 3257 tractio
287 3205 320 3256 et
332 3212 487 3255 venarum
502 3192 660 3257 exhausto
671 3192 826 3277 sauguine
838 3205 999 3258 macerata
1014 3192 1166 3276 irrigatio,
1181 3214 1310 3255 omnem

156 3298 251 3363 spem
266 3276 438 3343 incedendi
455 3279 523 3363 jam
539 3280 663 3344 solebat
684 3280 894 3365 deglutiendo
918 3280 1099 3344 exhaurire.
1147 3279 1306 3356 Tandem,

155 3364 315 3431 universis
329 3364 434 3429 fidelis
448 3365 560 3453 populi
574 3366 690 3431 finibus
705 3370 893 3452 peragratis,
912 3368 977 3430 Dei
992 3366 1083 3443 uutb,
1095 3367 1184 3430 leuto
1196 3367 1309 3430 itinere

155 3452 202 3517 ad
219 3452 348 3538 Angtiae
363 3452 444 3523 fines
466 3454 600 3538 appulit,
617 3466 650 3518 et
673 3455 845 3519 miserabili
861 3453 1027 3519 conamine
1043 3453 1164 3516 cunctis
1183 3453 1309 3538 Angliae

157 3538 358 3625 regionibus,
375 3550 409 3603 et
436 3540 628 3611 Sanctorum
654 3554 749 3607 terrae
777 3542 873 3626 ipsius
896 3541 1057 3605 liminibus
1080 3540 1243 3625 expetitis,
1268 3541 1309 3606 de

162 3625 261 3691 Beati
279 3626 453 3691 Cuthberti
469 3629 638 3693 sanctitate
654 3629 761 3691 multis
777 3628 989 3693 referentibus
1006 3628 1139 3704 didicit;
1157 3640 1190 3692 et
1206 3628 1247 3691 ad
1263 3629 1310 3713 ip-

157 3712 226 3778 sius
240 3714 392 3779 beneficii
406 3714 583 3799 patrocinia
598 3715 774 3780 obtinenda
788 3715 980 3779 convolavit.
1029 3714 1094 3788 Qui
1113 3715 1310 3779 Dunelmum

160 3800 304 3878 veniens,
324 3800 466 3885 Hugoue
485 3802 514 3864 E
536 3801 646 3901 iscopo
668 3805 701 3866 iu
724 3802 845 3866 octabis
872 3803 981 3865 Pascae
1005 3803 1109 3865 missae
1134 3802 1310 3887 solempnia

159 3908 269 3951 coram
283 3886 416 3972 piissimi
435 3824 634 3953 Confdssons
650 3888 820 3975 praesentia
835 3890 1030 3965 celebrante,
1045 3889 1087 3952 ad
1104 3888 1195 3952 Beati
1208 3889 1311 3954 Cuth-

162 3974 249 4039 berti
263 3974 445 4075 sepulcrum
461 3998 535 4039 curu
549 3974 771 4062 frequentibus
788 3976 888 4040 turbis
904 3975 1082 4039 fiducialius
1102 3977 1255 4051 accessit3
1276 3994 1309 4040 et

121 4120 124 4125 .
161 4058 367 4125 devotissme
390 4062 487 4148 ipsius
502 4061 613 4127 auxilii
635 4063 884 4127 misericordiam
907 4062 1090 4147 postulavit.
1138 4061 1209 4125 Nec
1229 4064 1311 4128 Bea-

163 4158 216 4211 tus
241 4145 441 4213 Cuthbertus
464 4148 669 4215 inexorabilis
692 4150 892 4227 essevoluit,
914 4149 973 4212 sed
1001 4149 1159 4232 Episcopo
1176 4159 1198 4189 “
1213 4153 1311 4217 Credo

163 4238 198 4297 ia
211 4254 305 4299 unam
322 4238 443 4300 Deum”
456 4235 637 4313 inchoante,
649 4236 781 4319 repente
793 4237 955 4321 cingulum
965 4235 1045 4297 illud
1055 4234 1099 4296 ita
1109 4232 1311 4323 distorquen-

163 4318 208 4383 do
222 4318 369 4401 dissiluit,
386 4322 474 4407 quod
493 4322 591 4386 etiam
606 4324 748 4386 omnium
764 4321 1036 4387 circumstantium
1051 4341 1143 4383 aures
1160 4328 1315 4390 terrendo

162 4406 335 4473 concussit.
384 4408 556 4494 Cingulum
569 4430 647 4493 crgo
659 4407 738 4471 illud
754 4432 862 4474 coram
874 4410 995 4475 cunctis
1007 4404 1166 4486 educitur,
1178 4427 1211 4475 et
1224 4414 1312 4477 ulcus

723 4516 757 4557 .0
