2924 4966
296 386 367 459 1‘26
653 408 876 460 arctarant
904 410 1108 465 uonacnr

292 574 379 637 idum
394 575 527 638 sacrista
545 572 667 637 Sancto
684 570 871 637 Cuthberto
885 572 1122 659 delegaverat,
1139 600 1250 663 super
1263 578 1358 665 ipsius
1369 580 1446 645 altus

291 661 393 723 multa
408 684 481 725 cnm
497 659 678 723 devotionis
693 658 814 744 pietate
835 658 1005 745 deposuit.
1058 662 1133 739 Qui
1158 664 1199 729 in
1213 666 1364 731 contione
1375 666 1447 753 plen

290 748 427 811 fratrum
442 748 504 811 lmc
519 746 708 809 miraculum
722 744 843 823 retulit,
861 762 897 811 et
922 748 1040 835 quanti
1065 750 1162 815 foret
1188 752 1200 815 i
1245 754 1293 817 'us
1316 754 1359 838 pii
1383 754 1447 819 Con·

291 832 420 896 sessoris
436 832 591 898 memoria
605 832 687 897 tanti
701 832 806 933 operis
821 832 990 919 inopinata
1003 836 1167 903 bonitate
1176 774 1312 925 pld'mus
1322 840 1446 905 ostendit

296 920 328 985 0
343 934 464 1007 quauta
486 918 758 984 misericordiam
784 918 889 985 Beato
910 920 1109 989 cuthberto
1122 924 1323 995 invenitur!
1363 940 1447 993 mnu

291 1007 422 1091 pictatis
452 1006 629 1092 compassio
659 1006 858 1072 declaratam!
894 1020 1029 1095 quantu
1058 1013 1250 1095 potcstatis
1279 1036 1361 1081 exce
1381 1014 1447 1079 cuth

290 1094 494 1159 ostenditurl
526 1094 638 1180 quanti
667 1093 774 1159 meriti
802 1091 901 1179 ipsius
931 1094 1038 1179 gloria
1068 1102 1356 1169 commendaturi
1387 1102 1446 1167 dun

292 1180 367 1245 hinc
392 1180 591 1259 miserum&
614 1182 778 1265 perpetuis
803 1192 995 1329 exemptum
1020 1182 1180 1265 miseriis,
1210 1188 1294 1253 vitae
1318 1188 1445 1267 restitnit,

292 1268 372 1331 dum
387 1268 564 1351 periturum
587 1268 628 1331 ab
653 1266 728 1351 ipsis
752 1266 870 1331 diaboli
907 1266 1043 1333 aucibus
1068 1284 1242 1356 potenter
1268 1276 1373 1362 eripit,
1388 1276 1447 1341 dnn

296 1354 360 1417 Dei
378 1354 537 1439 judicium
564 1354 606 1418 ad
635 1354 732 1439 ipsius
756 1353 930 1418 voluntatis
956 1355 1135 1423 arbitrium
1160 1360 1359 1441 famulatur,
1385 1363 1447 1427 dnn

291 1442 406 1505 mortis
421 1442 567 1506 debitum
582 1441 770 1528 peccatique
785 1442 1015 1507 commercium
1034 1444 1078 1509 ad
1100 1444 1213 1531 ipsius
1239 1462 1357 1515 nutum
1375 1448 1447 1515 adni-

294 1528 444 1593 clrilando
460 1541 613 1593 cassatur.
662 1528 694 1593 0
708 1550 839 1613 serpens
853 1541 1012 1608 tortuose,
1029 1531 1085 1617 qui
1100 1532 1198 1599 mille
1213 1558 1281 1621 per
1296 1536 1446 1603 meandros

294 1614 428 1679 miseros
458 1615 651 1700 decipiendo
679 1615 884 1700 proecipitasl
910 1616 968 1703 qui
994 1616 1038 1682 de
1058 1618 1225 1685 omnbus
1256 1636 1446 1709 peccatorum

293 1703 436 1766 reatibus
458 1702 633 1787 grassando
656 1715 689 1766 et
709 1702 904 1787 crapulando
918 1702 1115 1791 triumphasti
1139 1728 1225 1775 ecce
1241 1732 1343 1799 quam
1357 1708 1446 1775 nichili

288 1788 356 1853 sint
380 1804 436 1853 tua
457 1790 622 1854 molimina
644 1801 757 1853 contra
782 1788 876 1854 Beati
900 1789 1076 1855 Cuthbertr'
1095 1796 1244 1861 merita:
1269 1820 1338 1863 non
1358 1798 1446 1863 verbis

293 1876 427 1941 effertur
441 1876 499 1939 sed
511 1876 669 1941 miraculis
679 1875 871 1941 declaratur.
919 1874 951 1941 0
966 1877 1080 1943 mortis
1090 1878 1260 1949 tirannica
1270 1882 1444 1961 dominatio,

293 1963 348 2027 ubi
364 1976 438 2027 sunt
453 1986 528 2027 nam
543 1976 599 2027 tua
613 1963 741 2027 funesta
755 1962 898 2048 imperia,
914 1964 970 2049 qui
985 1966 1096 2029 omnia
1106 1966 1227 2053 diripis
1239 1982 1277 2035 et
1292 1970 1445 2057 glutiendo

290 2050 463 2127 consumis,
499 2051 577 2114 dum
615 2049 736 2115 Beatus
772 2050 971 2115 cuthbertus
1005 2051 1131 2116 armilla
1165 2076 1239 2121 suae
1278 2057 1445 2125 clementie

292 2136 457 2199 maxillam
472 2150 539 2200 tuae
550 2135 704 2224 nequitiae
720 2137 889 2221 perforat?
933 2136 1079 2203 Deducit
1093 2138 1137 2205 ad
1148 2139 1278 2209 inferni
1292 2145 1445 2211 interitum

293 2238 327 2287 te
355 2224 533 2288 famulante
564 2224 624 2288 sibi
645 2223 808 2308 -injurios3
839 2225 1026 2289 reducendo
1050 2248 1130 2291 vero
1154 2226 1218 2293 sibi
1248 2230 1389 2299 devotos
1410 2230 1444 2297 ah

293 2310 400 2374 inferis
417 2310 543 2397 tuisque
554 2311 741 2398 laqueorum
757 2310 926 2397 descipulis
940 2333 1005 2375 non
1020 2324 1090 2377 tam
1102 2313 1172 2379 vita
1185 2316 1344 2397 redonat,
1357 2340 1443 2407 quam

293 2410 327 2461 et
349 2398 487 2483 superna
507 2397 720 2475 beatitudine,
738 2411 771 2463 te
794 2399 936 2477 nolente,
962 2412 1111 2465 coronat.
1163 2400 1342 2485 Haeccine,¹
1406 2404 1443 2471 od

290 2484 325 2547 in
343 2484 440 2548 Ysaid
454 2484 584 2569 legitur,
605 2485 700 2549 Beati
725 2485 898 2551 Cutlrberti
911 2485 1076 2551 'uriraculis
1094 2486 1282 2555 innovatur
1304 2506 1340 2559 et
1388 2492 1442 2557 tiu

288 2573 484 2649 cumulatur,
502 2572 578 2658 quia
596 2570 641 2635 ibi
656 2571 778 2635 viventi
796 2572 945 2637 Ezeclriae
959 2585 1010 2637 ter
1047 2574 1117 2639 uini
1138 2576 1218 2641 anui
1239 2578 1442 2665 adjiciuntur,

291 2659 343 2723 hic
370 2659 523 2722 defuncto
546 2671 580 2723 et
606 2658 666 2722 diri
686 2658 801 2742 judicii
825 2660 992 2725 sententiae
1015 2596 1148 2727 abdicto
1171 2684 1241 2729 nou
1269 2680 1342 2733 tam
1365 2688 1443 2733 mon

289 2745 442 2809 adimitur
457 2746 514 2809 sed
529 2746 605 2809 vitae
620 2745 754 2809 indutias
769 2747 1000 2813 condonantur.

290 3008 391 3074 CAP.
414 3007 751 3088 axla-Quarum
765 3012 952 3075 vmicnabru
972 3012 1017 3075 od
1030 3010 1127 3075 Beati
1142 3012 1308 3079 aarum
1319 3018 1444 3099 sestiu-

376 3104 468 3160 tarem
497 3097 617 3159 modica
637 3100 737 3177 panis
758 3117 901 3162 masura
915 3101 949 3161 tu
957 3099 1067 3180 sumo
1087 3101 1222 3163 creverit
1240 3108 1273 3165 ct
1293 3106 1445 3169 imm

375 3185 565 3246 multitudini
578 3184 901 3264 superhabrmdavertt.

337 3355 528 3420 Benedictio
545 3354 679 3419 Domini
694 3377 791 3439 super
805 3357 910 3441 capud
929 3356 1023 3421 Beati
1040 3355 1215 3421 Cuthberti
1238 3358 1443 3427 descendisse

287 3435 476 3521 dinoscitur,
494 3442 570 3529 quia
585 3464 664 3526 opus
680 3441 907 3507 misericordiae
923 3443 955 3507 in
973 3442 1120 3508 omnibus
1143 3445 1155 3508 i
1193 3444 1243 3508 ius
1267 3446 1444 3513 beneficio·

287 3552 361 3593 rum
375 3529 597 3614 largitionibus
608 3528 793 3594 exhibetur.
840 3529 912 3595 Nec
927 3529 1079 3595 bonitatis
1093 3529 1123 3595 ei
1139 3530 1312 3616 penitudo
1326 3534 1441 3613 defuit,

312 3639 386 3681 uam
406 3616 558 3703 'frequens
574 3618 739 3702 signorum
753 3617 951 3682 exundantia
963 3616 1197 3683 commendare
1218 3640 1289 3683 non
1312 3619 1442 3687 desiuit.

285 3639 378 3778 Qum
393 3704 475 3768 adeo
490 3727 558 3790 prae
573 3704 621 3767 sui
636 3715 686 3768 est
701 3702 911 3768 admiratione
930 3704 1123 3789 praeclarior,
1139 3716 1264 3791 quanto
1286 3704 1442 3773 remotius

283 3790 351 3854 situ
363 3804 525 3855 terrarum
540 3791 651 3875 positis
666 3792 821 3875 probatur
836 3791 868 3855 in
890 3792 1035 3857 remedio
1057 3791 1271 3857 subveniendi
1293 3792 1440 3859 celerior.

290 3877 382 3943 Fidei
392 3879 511 3943 etenim
522 3878 643 3963 pietate
659 3878 763 3943 Beato
778 3878 960 3943 cuthberto
970 3878 1150 3944 vicinantur
1157 3880 1215 3966 qui
1225 3878 1384 3947 finitate
1394 3881 1442 3945 lo-

283 3964 533 4051 corumlongihs
545 3977 754 4050 seponuntur.
772 3964 858 4029 Nam
866 3964 1046 4030 devotionis
1055 3964 1194 4031 intentio
1203 3965 1271 4031 sine
1281 3968 1439 4033 mercedis

285 4052 444 4118 beneficio
456 4074 524 4116 non
540 4064 692 4131 cassatur,
710 4075 807 4139 quam
826 4052 869 4137 pii
885 4051 991 4116 cordis
1005 4050 1134 4119 affectio
1149 4052 1272 4117 seduloe
1281 4054 1441 4120 orationis

280 4137 355 4221 jugi
369 4139 604 4224 sollempnitate
620 4139 834 4226 prosequitur.
881 4139 1046 4226 Frequens
1058 4138 1189 4227 quidem
1200 4140 1335 4206 devotio
1342 4164 1439 4230 quatu

286 4222 379 4287 citius
405 4226 550 4290 locorum
576 4225 748 4291 interstitia
770 4226 956 4304 transvolat,
974 4249 1047 4313 quae
1063 4227 1161 4291 etiam
1179 4228 1241 4293 sub
1263 4226 1332 4293 ictu
1354 4228 1441 4293 oculi

283 4324 511 4376 momentaneo
549 4313 703 4377 coelorum
739 4313 852 4377 intima
886 4314 1086 4397 penetrando
1109 4313 1300 4399 perlustrat.
1362 4314 1440 4379 Non

268 4396 372 4462 enim
398 4420 453 4462 eos
479 4410 604 4483 separat
630 4398 756 4484 longius
786 4398 880 4465 Beati
906 4400 1086 4467 ‘Cuthberti
1107 4400 1333 4467 misericordia
1358 4424 1439 4489 quos
