2924 4966
453 394 631 444 nunaunt.
660 391 860 465 ninantur,
890 393 975 442 arc.
1225 381 1295 449 153

153 561 371 626 testimonium
397 581 494 644 opere
517 557 628 622 didicit
651 557 737 645 quod
759 557 918 643 propheta
938 558 980 621 de
999 558 1216 626 consimilibus
1232 562 1296 640 ait3

156 650 314 714 “Lacum
329 650 454 734 aperuit
469 660 503 712 et
515 645 627 711 effodit
646 669 730 723 eum,
747 660 782 710 et
803 645 913 709 incidit
936 645 969 709 in
991 645 1118 711 foveam
1132 671 1229 749 quam
1251 650 1298 715 fe-

153 737 196 801 cit
207 740 235 813 ;''
259 739 364 801 lacum
377 734 632 822 praesumptionis
648 734 772 819 aperuit
791 747 824 798 et
839 733 961 810 effodit,
978 735 1055 798 dum
1070 734 1170 800 inams
1186 738 1298 822 gloriae

153 825 302 910 cupidine
326 838 359 889 et
381 824 490 888 favore
508 821 673 908 jactantiae
695 821 801 908 laquei
824 821 986 906 descipulis
1009 846 1042 886 se
1066 823 1216 901 involvit3
1250 826 1299 890 fo-

150 936 245 982 rveam
261 913 339 997 ergb
354 911 465 976 incidit
477 912 553 975 dum
564 910 670 997 laquei
685 909 805 995 proprii
821 909 959 974 scandali
975 933 1009 974 se
1024 910 1167 977 involvit.
1216 913 1299 978 Bea-

95 1018 99 1025 ’
154 1014 204 1065 tus
224 1000 352 1065 interim
375 999 571 1065 Cuthbertus
590 998 631 1062 ad
654 998 864 1076 Bernardum,
882 1011 958 1061 tunc
973 999 1115 1064 ecclesiae
1135 1000 1298 1066 sacristam

152 1089 186 1152 in
200 1089 396 1152 monasterio
412 1088 603 1152 scribentem
618 1085 770 1150 interiora
784 1099 876 1170 septa
891 1085 1081 1151 scribentem
1100 1088 1175 1177 [ita]
1193 1113 1299 1154 acces-

154 1177 205 1254 sit,
237 1190 271 1240 et
301 1176 416 1240 talibus
446 1176 620 1239 allocutum
650 1174 780 1238 vocibus
810 1173 913 1238 acrius
942 1176 1107 1259 arguendo
1133 1178 1297 1263 corripuit.

156 1275 178 1305 “
192 1265 302 1329 Vade”
315 1264 489 1350 inquiens“
500 1264 595 1349 quim
615 1261 718 1339 citius,
735 1276 768 1327 et
788 1261 932 1326 lacissam
952 1262 1050 1342 illam,
1065 1287 1137 1351 quae
1153 1265 1298 1330 ecclesiae

153 1375 235 1417 meae
254 1352 363 1416 limina
384 1351 620 1437 progrediendo
634 1349 778 1427 foedavit,
798 1351 857 1413 sub
876 1349 1079 1416 festinatione
1101 1352 1300 1439 projiciendo

155 1441 303 1526 expelle3
327 1439 448 1504 foetoris
471 1438 556 1504 enim
578 1440 647 1524 ejus
670 1438 822 1523 spurcitia
844 1461 902 1523 per
924 1439 1029 1504 orbita
1051 1440 1194 1504 ecclesiae
1216 1465 1298 1506 meae

154 1529 369 1613 progreditur,
387 1528 539 1613 fumoque
562 1525 689 1612 pedoris
705 1525 787 1589 illius
806 1526 880 1590 aula
893 1548 976 1603 meae
997 1526 1114 1613 quietis
1129 1528 1196 1592 lesa
1210 1529 1300 1593 coin-

153 1616 313 1703 quinatur.
360 1615 431 1680 Nec
454 1614 568 1702 quietis
591 1614 734 1701 requiem
758 1613 789 1676 in
812 1615 884 1677 loco
906 1615 992 1699 pacis
1014 1638 1096 1679 meae
1111 1615 1231 1681 habere
1246 1617 1298 1681 hic

154 1705 248 1769 valeo
264 1703 417 1791 quamdiu
432 1703 554 1767 lacissae
569 1703 665 1788 ipsius
681 1700 890 1765 immunditiae
902 1703 1035 1766 odorem
1051 1703 1165 1768 sentio.
1201 1705 1298 1770 Unde

155 1792 251 1877 quim
278 1791 433 1856 maturius
460 1814 532 1855 eam
555 1790 729 1877 quaerendo
752 1790 957 1875 progredere,
968 1790 1175 1878 lacissamque
1199 1792 1296 1871 illam,

155 1879 255 1943 omnis
279 1879 489 1944 immunditiae
504 1878 695 1963 contagione
710 1877 888 1954 foetentem,
905 1879 946 1941 de
962 1878 1105 1943 ecclesiae
1124 1902 1205 1944 meae
1220 1881 1301 1967 abji-

155 1968 270 2032 ciendo
286 1967 400 2031 finibus
416 1967 554 2052 expelle.
602 1965 677 2029 Non
692 1965 777 2045 enim
796 1964 891 2050 ipsius
907 1967 1160 2052 praesumptionis
1176 1968 1299 2033 insidiae

156 2055 334 2120 temerariae
349 2055 449 2119 latere
464 2078 516 2119 me
531 2067 691 2139 poterant,
705 2077 777 2140 quae
793 2076 868 2116 mox
884 2055 925 2117 ad
940 2053 988 2117 sui
1004 2054 1169 2119 introitum
1184 2071 1301 2122 cuncta

156 2143 299 2208 ecclesiae
314 2165 395 2207 meae
410 2142 569 2207 interioris
585 2165 659 2206 aera
677 2141 799 2205 foetoris
819 2165 885 2204 suae
900 2142 1037 2206 nubibus
1053 2142 1299 2232 circumquaque

156 2233 404 2317 consperserat.”
451 2231 534 2295 Mox
561 2230 613 2294 ille
639 2230 771 2315 pavidus
797 2241 829 2294 et
855 2229 1043 2294 furibundus
1067 2254 1125 2316 per
1148 2231 1301 2300 interiora

156 2319 298 2385 ecclesiae
313 2319 520 2383 discurrendo
538 2318 660 2396 circuit,
679 2319 820 2381 omnium
835 2319 978 2382 locorum
997 2318 1170 2385 secretiora
1188 2322 1301 2406 explo-

156 2408 257 2493 ¹raudo
274 2407 403 2484 evolvit,
415 2409 530 2492 januas
542 2406 745 2470 dissolvendo
761 2405 874 2491 aperit,
887 2429 944 2491 per
956 2407 1146 2492 angulorum
1160 2409 1299 2475 latebras

157 2509 191 2561 et
217 2519 319 2582 opaca
341 2495 485 2559 locorum
500 2494 700 2581 quaeritando
715 2494 859 2558 desaevit.
905 2495 1046 2559 Demum
1066 2494 1143 2561 verb
1166 2497 1301 2562 circnm-

157 2584 330 2671 quaerendo
342 2583 524 2668 respiciens,
535 2606 592 2668 per
601 2582 763 2647 exteriora
772 2581 914 2647 ecclesiae
926 2583 1032 2668 spacia
1045 2585 1146 2670 cappa
1157 2585 1238 2649 virili
1253 2588 1301 2649 in-

158 2672 270 2736 dutam
295 2671 460 2756 conspicit,
477 2683 511 2734 et
533 2694 606 2734 cum
629 2670 736 2735 furore
758 2670 857 2734 nimio
880 2672 1099 2756 progrediens,
1125 2674 1301 2740 acrioribus

157 2759 304 2824 clamoris
318 2759 450 2823 vocibus
465 2782 537 2823 eam
559 2759 723 2844 corripuit,
740 2773 773 2824 et
796 2760 994 2843 inarguendo
1017 2760 1165 2844 gravibus
1188 2775 1301 2827 coutu-

156 2847 324 2927 meliarum
335 2846 480 2911 convitiis
492 2847 675 2931 flagellavit.
737 2856 759 2887 “
775 2847 839 2910 Pro
851 2846 961 2911 dolor'’
977 2847 1122 2935 inquiens
1140 2859 1250 2914 “tune
1266 2874 1300 2915 es

157 2935 212 3000 illa
232 2936 344 3000 lacissa
359 2935 497 3021 pedoris,
515 2935 658 2999 canicula
672 2934 832 3019 spurcitiae
854 2935 1043 3020 putredinis,
1061 2938 1163 3001 nubes
1183 2937 1301 3025 iniquae

156 3024 370 3109 bajulationis,
388 3023 491 3107 caligo
505 3022 655 3107 fuliginis,
671 3024 785 3087 umbra
799 3022 932 3101 foetoris,
944 3022 1300 3111 descipulainiquitatis,

157 3111 290 3198 laqueus
312 3110 476 3189 foeditatis,
496 3110 606 3175 cloaca
627 3110 866 3195 corruptionis?
913 3109 1001 3174 Num
1024 3111 1101 3198 quid
1124 3126 1160 3176 tu
1182 3112 1303 3179 furiosa

159 3199 224 3265 Dei
239 3199 453 3264 sanctuarium
464 3199 686 3283 praesumendo
708 3197 923 3283 prophanasti,
936 3199 1008 3262 loca
1029 3213 1139 3264 sancta
1153 3213 1186 3265 et
1200 3200 1303 3267 nitida

157 3287 309 3373 polluisti,
319 3287 457 3352 Beatum
465 3287 690 3364 Cuthbertum,
698 3286 763 3350 Dei
774 3285 1042 3370 contemplatione
1054 3303 1249 3372 soporatum,
1255 3291 1304 3354 in-

158 3375 367 3463 inquietando
382 3374 551 3452 suscitasti,
569 3374 748 3438 caelestibus
771 3374 959 3459 impeditum
977 3375 1115 3459 negotiis
1137 3377 1302 3462 fatigando

158 3463 319 3529 incursare
335 3461 588 3548 praesumpsisti?
636 3460 720 3526 Vere
744 3475 780 3526 tu
795 3486 840 3540 es,
858 3485 930 3549 quae
953 3463 1048 3527 sacris
1063 3463 1159 3549 ipsius
1173 3467 1303 3530 naribus

158 3551 282 3618 foetoris
297 3551 501 3637 putredinem
524 3549 692 3635 ingessisti,
710 3563 743 3614 et
766 3550 846 3614 hanc
865 3551 1072 3615 beatitudinis
1092 3553 1198 3618 aulam
1213 3577 1304 3640 spur-

158 3639 249 3705 ciciae
264 3639 470 3704 immunditiis
485 3638 685 3725 inquinasti?
733 3638 898 3726 Manuque
914 3662 985 3703 eam
995 3639 1178 3725 corripienS,
1195 3641 1236 3705 de
1252 3665 1306 3706 ec·

160 3727 256 3792 elesii
270 3727 468 3813 projiciendo
484 3726 646 3802 extraxit3
662 3739 695 3790 et
710 3726 859 3811 gravibus
875 3728 1045 3790 verborum
1060 3728 1239 3794 lacessitam
1257 3730 1305 3793 in-

157 3815 249 3900 juriis
264 3828 359 3881 extra
380 3815 465 3880 fores
488 3814 631 3880 ecclesiae
647 3837 719 3879 eam
741 3815 948 3900 producendo
964 3815 1104 3881 seclusit.
1152 3817 1212 3881 Illa
1226 3817 1304 3882 verb

158 3903 264 3969 multo
280 3917 419 3968 tremore
435 3903 577 3980 confusa,
595 3915 628 3966 et
644 3903 765 3966 timoris
780 3902 998 3987 magnitudine
1014 3904 1104 4002 quasi
1120 3904 1306 3991 expiratura

161 3991 276 4055 animae
291 3993 403 4056 flatum
418 4005 574 4068 emortua,
591 3989 710 4053 diutius
730 3991 763 4053 in
778 3991 896 4054 exstasi
912 4009 1049 4076 stuporrs
1065 4005 1098 4056 et
1117 4016 1184 4077 prae
1199 3994 1305 4057 anxiae

160 4079 280 4145 insania
294 4079 409 4144 mentis
424 4078 514 4165 quasi
525 4077 727 4156 semianimis,
740 4077 817 4178 quid
828 4092 950 4163 ageret,
961 4078 1105 4158 nescivit,
1119 4081 1169 4144 vel
1180 4104 1245 4167 quo
1257 4081 1306 4146 di·

158 4181 302 4233 .verte1·et
314 4166 443 4232 omnino
459 4166 607 4231 dubitans
617 4165 786 4250 ignoravit.
833 4165 980 4230 Tandem
990 4167 1078 4244 verb,
1089 4167 1220 4232 sanioris
1232 4192 1308 4234 con-

160 4255 221 4322 silii
236 4257 375 4342 animum
387 4255 577 4340 concipiens,
589 4254 631 4319 ad
645 4253 818 4318 Elvestoue
828 4253 953 4319 concita
963 4255 1128 4339 processit,
1136 4267 1168 4320 et
1185 4257 1309 4322 Sancti-

162 4343 306 4408 monialis
329 4344 455 4419 effecta,
472 4343 606 4406 honesta
629 4343 869 4408 conversatione
885 4344 984 4406 vitam
1003 4342 1192 4428 composuit.
1241 4346 1307 4419 Qui

162 4431 250 4496 locus
265 4433 362 4517 juxta
380 4430 544 4520 Bedeford
564 4430 687 4515 positus
709 4445 768 4510 est,
782 4443 815 4495 et
836 4431 867 4494 in
891 4431 959 4515 ejus
983 4431 1121 4498 confinio
1144 4431 1222 4502 situs
1247 4447 1306 4498 est.
