<?xml version="1.0" encoding="UTF-8"?>
<!DOCTYPE html PUBLIC "-//W3C//DTD XHTML 1.0 Transitional//EN"
    "http://www.w3.org/TR/xhtml1/DTD/xhtml1-transitional.dtd">
<html xmlns="http://www.w3.org/1999/xhtml" xml:lang="en" lang="en">
 <head>
  <title>
</title>
<meta http-equiv="Content-Type" content="text/html;charset=utf-8" />
  <meta name='ocr-system' content='tesseract 3.04.00' />
  <meta name='ocr-capabilities' content='ocr_page ocr_carea ocr_par ocr_line ocrx_word'/>
</head>
<body>
  <div class='ocr_page' id='page_1' title='image "./reginaldimonach00regigoog_0175.png"; bbox 0 0 2924 4966; ppageno 0'>
   <div class='ocr_carea' id='block_1_1' title="bbox 459 371 1305 453">
    <p class='ocr_par' dir='ltr' id='par_1_1' title="bbox 459 371 1305 453">
     <span class='ocr_line' id='line_1_1' title="bbox 459 371 1305 453; baseline -0.006 -11"><span class='ocrx_word' id='word_1_1' title='bbox 459 391 637 442; x_wconf 72' lang='lat' dir='ltr'>nursini.</span> <span class='ocrx_word' id='word_1_2' title='bbox 660 388 861 451; x_wconf 79' lang='lat' dir='ltr'>L113ELLUS,</span> <span class='ocrx_word' id='word_1_3' title='bbox 882 388 968 438; x_wconf 84' lang='lat' dir='ltr'>src.</span> <span class='ocrx_word' id='word_1_4' title='bbox 1234 371 1305 453; x_wconf 87' lang='lat'>157</span> 
     </span>
    </p>
   </div>
   <div class='ocr_carea' id='block_1_2' title="bbox 152 549 1304 3631">
    <p class='ocr_par' dir='ltr' id='par_1_2' title="bbox 152 549 1304 3631">
     <span class='ocr_line' id='line_1_2' title="bbox 156 549 1304 642; baseline -0.004 -20"><span class='ocrx_word' id='word_1_5' title='bbox 156 558 267 622; x_wconf 89' lang='lat' dir='ltr'>bertus</span> <span class='ocrx_word' id='word_1_6' title='bbox 290 567 362 620; x_wconf 93' lang='lat' dir='ltr'>tuus</span> <span class='ocrx_word' id='word_1_7' title='bbox 385 555 530 642; x_wconf 91' lang='lat' dir='ltr'>spiritum</span> <span class='ocrx_word' id='word_1_8' title='bbox 547 555 686 640; x_wconf 86' lang='lat' dir='ltr'>jumenti</span> <span class='ocrx_word' id='word_1_9' title='bbox 709 576 860 619; x_wconf 88' lang='lat' dir='ltr'>revocare</span> <span class='ocrx_word' id='word_1_10' title='bbox 884 550 1013 638; x_wconf 91' lang='lat' dir='ltr'>poterit,</span> <span class='ocrx_word' id='word_1_11' title='bbox 1030 549 1090 615; x_wconf 88' lang='lat' dir='ltr'>nisi</span> <span class='ocrx_word' id='word_1_12' title='bbox 1105 551 1199 630; x_wconf 74' lang='lat' dir='ltr'>forte,</span> <span class='ocrx_word' id='word_1_13' title='bbox 1216 554 1304 639; x_wconf 90' lang='lat' dir='ltr'>quod</span> 
     </span>
     <span class='ocr_line' id='line_1_3' title="bbox 155 639 1303 722; baseline -0.003 -12"><span class='ocrx_word' id='word_1_14' title='bbox 155 643 288 710; x_wconf 74' lang='lat' dir='ltr'>omnino</span> <span class='ocrx_word' id='word_1_15' title='bbox 304 644 522 722; x_wconf 86' lang='lat' dir='ltr'><strong>discredimus,</strong></span> <span class='ocrx_word' id='word_1_16' title='bbox 537 644 627 708; x_wconf 88' lang='lat' dir='ltr'>Deus</span> <span class='ocrx_word' id='word_1_17' title='bbox 643 645 695 720; x_wconf 87' lang='lat' dir='ltr'>sit,</span> <span class='ocrx_word' id='word_1_18' title='bbox 713 655 749 706; x_wconf 91' lang='lat' dir='ltr'>ut</span> <span class='ocrx_word' id='word_1_19' title='bbox 764 642 839 705; x_wconf 84' lang='lat' dir='ltr'>vitae</span> <span class='ocrx_word' id='word_1_20' title='bbox 854 642 966 705; x_wconf 89' lang='lat' dir='ltr'>flatum</span> <span class='ocrx_word' id='word_1_21' title='bbox 976 639 1114 704; x_wconf 92' lang='lat' dir='ltr'>creando</span> <span class='ocrx_word' id='word_1_22' title='bbox 1129 641 1303 707; x_wconf 90' lang='lat' dir='ltr'>reformare</span> 
     </span>
     <span class='ocr_line' id='line_1_4' title="bbox 156 727 1304 818; baseline -0.003 -21"><span class='ocrx_word' id='word_1_23' title='bbox 156 731 311 818; x_wconf 90' lang='lat' dir='ltr'>potuerit.</span> <span class='ocrx_word' id='word_1_24' title='bbox 361 733 427 797; x_wconf 85' lang='lat' dir='ltr'>Sed</span> <span class='ocrx_word' id='word_1_25' title='bbox 440 731 510 796; x_wconf 86' lang='lat' dir='ltr'>haec</span> <span class='ocrx_word' id='word_1_26' title='bbox 523 732 654 796; x_wconf 90' lang='lat' dir='ltr'>credere</span> <span class='ocrx_word' id='word_1_27' title='bbox 669 730 783 794; x_wconf 91' lang='lat' dir='ltr'>mentis</span> <span class='ocrx_word' id='word_1_28' title='bbox 806 729 932 815; x_wconf 72' lang='lat' dir='ltr'>proprie</span> <span class='ocrx_word' id='word_1_29' title='bbox 945 742 994 793; x_wconf 90' lang='lat' dir='ltr'>est</span> <span class='ocrx_word' id='word_1_30' title='bbox 1006 727 1189 792; x_wconf 88' lang='lat' dir='ltr'>insanientis</span> <span class='ocrx_word' id='word_1_31' title='bbox 1206 744 1239 794; x_wconf 92' lang='lat' dir='ltr'>et</span> <span class='ocrx_word' id='word_1_32' title='bbox 1254 730 1304 794; x_wconf 94' lang='lat' dir='ltr'>fu-</span> 
     </span>
     <span class='ocr_line' id='line_1_5' title="bbox 157 814 1304 905; baseline -0.002 -21"><span class='ocrx_word' id='word_1_33' title='bbox 157 821 261 898; x_wconf 86' lang='lat' dir='ltr'>riosae,</span> <span class='ocrx_word' id='word_1_34' title='bbox 276 819 361 884; x_wconf 90' lang='lat' dir='ltr'>unde</span> <span class='ocrx_word' id='word_1_35' title='bbox 377 833 410 885; x_wconf 94' lang='lat' dir='ltr'>et</span> <span class='ocrx_word' id='word_1_36' title='bbox 426 833 458 884; x_wconf 92' lang='lat' dir='ltr'>te</span> <span class='ocrx_word' id='word_1_37' title='bbox 474 821 717 905; x_wconf 82' lang='lat' dir='ltr'>comprobamus</span> <span class='ocrx_word' id='word_1_38' title='bbox 740 817 854 881; x_wconf 89' lang='lat' dir='ltr'>mentis</span> <span class='ocrx_word' id='word_1_39' title='bbox 869 840 954 881; x_wconf 85' lang='lat' dir='ltr'>sanoe</span> <span class='ocrx_word' id='word_1_40' title='bbox 973 814 1180 881; x_wconf 90' lang='lat' dir='ltr'>sobrietatem</span> <span class='ocrx_word' id='word_1_41' title='bbox 1199 817 1304 882; x_wconf 90' lang='lat' dir='ltr'>fundi-</span> 
     </span>
     <span class='ocr_line' id='line_1_6' title="bbox 157 903 1304 990; baseline -0.002 -19"><span class='ocrx_word' id='word_1_42' title='bbox 157 907 208 971; x_wconf 76' lang='lat' dir='ltr'>tirs</span> <span class='ocrx_word' id='word_1_43' title='bbox 221 907 371 984; x_wconf 87' lang='lat' dir='ltr'>amisisse,</span> <span class='ocrx_word' id='word_1_44' title='bbox 384 931 457 972; x_wconf 91' lang='lat' dir='ltr'>cum</span> <span class='ocrx_word' id='word_1_45' title='bbox 470 908 636 972; x_wconf 89' lang='lat' dir='ltr'>evidenter</span> <span class='ocrx_word' id='word_1_46' title='bbox 648 906 827 970; x_wconf 79' lang='lat' dir='ltr'>noverimus</span> <span class='ocrx_word' id='word_1_47' title='bbox 841 903 1023 990; x_wconf 91' lang='lat' dir='ltr'>hujusmodi</span> <span class='ocrx_word' id='word_1_48' title='bbox 1035 927 1094 967; x_wconf 86' lang='lat' dir='ltr'>nec</span> <span class='ocrx_word' id='word_1_49' title='bbox 1115 905 1304 969; x_wconf 87' lang='lat' dir='ltr'>Sanctorum</span> 
     </span>
     <span class='ocr_line' id='line_1_7' title="bbox 157 991 1302 1080; baseline -0.002 -20"><span class='ocrx_word' id='word_1_50' title='bbox 157 1019 243 1060; x_wconf 86' lang='lat' dir='ltr'>curoe</span> <span class='ocrx_word' id='word_1_51' title='bbox 253 1011 435 1080; x_wconf 85' lang='lat' dir='ltr'>suppetere,</span> <span class='ocrx_word' id='word_1_52' title='bbox 449 1019 507 1059; x_wconf 88' lang='lat' dir='ltr'>nec</span> <span class='ocrx_word' id='word_1_53' title='bbox 520 994 747 1058; x_wconf 91' lang='lat' dir='ltr'>subserviendo</span> <span class='ocrx_word' id='word_1_54' title='bbox 758 993 966 1057; x_wconf 82' lang='lat' dir='ltr'>commilitare</span> <span class='ocrx_word' id='word_1_55' title='bbox 978 991 1143 1078; x_wconf 90' lang='lat' dir='ltr'>potentiae.</span> <span class='ocrx_word' id='word_1_56' title='bbox 1172 991 1302 1059; x_wconf 85' lang='lat' dir='ltr'>Desiste</span> 
     </span>
     <span class='ocr_line' id='line_1_8' title="bbox 156 1080 1303 1169; baseline -0.003 -22"><span class='ocrx_word' id='word_1_57' title='bbox 156 1083 254 1169; x_wconf 83' lang='lat' dir='ltr'>igitur</span> <span class='ocrx_word' id='word_1_58' title='bbox 269 1082 301 1146; x_wconf 95' lang='lat' dir='ltr'>in</span> <span class='ocrx_word' id='word_1_59' title='bbox 317 1096 462 1148; x_wconf 86' lang='lat' dir='ltr'>sanctum</span> <span class='ocrx_word' id='word_1_60' title='bbox 478 1083 542 1147; x_wconf 90' lang='lat' dir='ltr'>Dei</span> <span class='ocrx_word' id='word_1_61' title='bbox 561 1082 784 1148; x_wconf 89' lang='lat' dir='ltr'>Confessorem</span> <span class='ocrx_word' id='word_1_62' title='bbox 799 1080 968 1165; x_wconf 88' lang='lat' dir='ltr'>garriendo</span> <span class='ocrx_word' id='word_1_63' title='bbox 983 1080 1130 1158; x_wconf 81' lang='lat' dir='ltr'>insanire,</span> <span class='ocrx_word' id='word_1_64' title='bbox 1147 1093 1181 1144; x_wconf 93' lang='lat' dir='ltr'>et</span> <span class='ocrx_word' id='word_1_65' title='bbox 1197 1081 1303 1145; x_wconf 88' lang='lat' dir='ltr'>furen-</span> 
     </span>
     <span class='ocr_line' id='line_1_9' title="bbox 157 1168 1302 1256; baseline 0 -22"><span class='ocrx_word' id='word_1_66' title='bbox 157 1171 242 1236; x_wconf 87' lang='lat' dir='ltr'>tibus</span> <span class='ocrx_word' id='word_1_67' title='bbox 254 1171 453 1235; x_wconf 85' lang='lat' dir='ltr'>infremendo</span> <span class='ocrx_word' id='word_1_68' title='bbox 463 1171 593 1234; x_wconf 87' lang='lat' dir='ltr'>vocibus</span> <span class='ocrx_word' id='word_1_69' title='bbox 608 1169 850 1234; x_wconf 86' lang='lat' dir='ltr'>insultabundus</span> <span class='ocrx_word' id='word_1_70' title='bbox 862 1168 1038 1256; x_wconf 86' lang='lat' dir='ltr'>desipere.”</span> <span class='ocrx_word' id='word_1_71' title='bbox 1087 1170 1170 1233; x_wconf 91' lang='lat' dir='ltr'>Cum</span> <span class='ocrx_word' id='word_1_72' title='bbox 1183 1169 1302 1234; x_wconf 89' lang='lat' dir='ltr'>diutius</span> 
     </span>
     <span class='ocr_line' id='line_1_10' title="bbox 156 1256 1302 1324; baseline -0.001 -2"><span class='ocrx_word' id='word_1_73' title='bbox 156 1259 207 1324; x_wconf 87' lang='lat' dir='ltr'>his</span> <span class='ocrx_word' id='word_1_74' title='bbox 222 1273 255 1323; x_wconf 92' lang='lat' dir='ltr'>et</span> <span class='ocrx_word' id='word_1_75' title='bbox 272 1259 489 1323; x_wconf 87' lang='lat' dir='ltr'>consimilibus</span> <span class='ocrx_word' id='word_1_76' title='bbox 505 1258 588 1322; x_wconf 93' lang='lat' dir='ltr'>illius</span> <span class='ocrx_word' id='word_1_77' title='bbox 604 1257 757 1322; x_wconf 75' lang='lat' dir='ltr'>saevitiam</span> <span class='ocrx_word' id='word_1_78' title='bbox 774 1256 971 1320; x_wconf 88' lang='lat' dir='ltr'>infraenando</span> <span class='ocrx_word' id='word_1_79' title='bbox 990 1256 1140 1320; x_wconf 88' lang='lat' dir='ltr'>cohibere</span> <span class='ocrx_word' id='word_1_80' title='bbox 1156 1256 1302 1322; x_wconf 90' lang='lat' dir='ltr'>intende-</span> 
     </span>
     <span class='ocr_line' id='line_1_11' title="bbox 156 1343 1301 1434; baseline 0.001 -25"><span class='ocrx_word' id='word_1_81' title='bbox 156 1360 239 1426; x_wconf 87' lang='lat' dir='ltr'>rent,</span> <span class='ocrx_word' id='word_1_82' title='bbox 253 1346 316 1410; x_wconf 70' lang='lat' dir='ltr'>eta</span> <span class='ocrx_word' id='word_1_83' title='bbox 331 1346 469 1432; x_wconf 89' lang='lat' dir='ltr'>pristinis</span> <span class='ocrx_word' id='word_1_84' title='bbox 479 1346 747 1434; x_wconf 85' lang='lat' dir='ltr'>querimoniarum</span> <span class='ocrx_word' id='word_1_85' title='bbox 761 1344 906 1409; x_wconf 89' lang='lat' dir='ltr'>lamentis</span> <span class='ocrx_word' id='word_1_86' title='bbox 916 1367 990 1408; x_wconf 88' lang='lat' dir='ltr'>eum</span> <span class='ocrx_word' id='word_1_87' title='bbox 1005 1343 1135 1408; x_wconf 73' lang='lat' dir='ltr'>omnini)</span> <span class='ocrx_word' id='word_1_88' title='bbox 1150 1367 1301 1410; x_wconf 89' lang='lat' dir='ltr'>revocare</span> 
     </span>
     <span class='ocr_line' id='line_1_12' title="bbox 154 1431 1302 1520; baseline 0.001 -22"><span class='ocrx_word' id='word_1_89' title='bbox 154 1457 221 1498; x_wconf 93' lang='lat' dir='ltr'>non</span> <span class='ocrx_word' id='word_1_90' title='bbox 237 1447 378 1520; x_wconf 85' lang='lat' dir='ltr'>possent,</span> <span class='ocrx_word' id='word_1_91' title='bbox 392 1457 467 1498; x_wconf 89' lang='lat' dir='ltr'>ecce</span> <span class='ocrx_word' id='word_1_92' title='bbox 482 1432 617 1518; x_wconf 63' lang='lat' dir='ltr'>alongE,</span> <span class='ocrx_word' id='word_1_93' title='bbox 630 1433 720 1520; x_wconf 85' lang='lat' dir='ltr'>quasi</span> <span class='ocrx_word' id='word_1_94' title='bbox 736 1433 767 1496; x_wconf 92' lang='lat' dir='ltr'>in</span> <span class='ocrx_word' id='word_1_95' title='bbox 779 1432 873 1497; x_wconf 90' lang='lat' dir='ltr'>maris</span> <span class='ocrx_word' id='word_1_96' title='bbox 888 1432 1005 1510; x_wconf 93' lang='lat' dir='ltr'>medio,</span> <span class='ocrx_word' id='word_1_97' title='bbox 1023 1444 1059 1495; x_wconf 96' lang='lat' dir='ltr'>ut</span> <span class='ocrx_word' id='word_1_98' title='bbox 1074 1431 1175 1496; x_wconf 89' lang='lat' dir='ltr'>videri</span> <span class='ocrx_word' id='word_1_99' title='bbox 1191 1434 1302 1499; x_wconf 91' lang='lat' dir='ltr'>crede·</span> 
     </span>
     <span class='ocr_line' id='line_1_13' title="bbox 157 1518 1298 1608; baseline -0.003 -21"><span class='ocrx_word' id='word_1_100' title='bbox 157 1522 263 1600; x_wconf 90' lang='lat' dir='ltr'>batur,</span> <span class='ocrx_word' id='word_1_101' title='bbox 281 1523 385 1607; x_wconf 88' lang='lat' dir='ltr'>capud</span> <span class='ocrx_word' id='word_1_102' title='bbox 407 1522 573 1587; x_wconf 91' lang='lat' dir='ltr'>corvinum</span> <span class='ocrx_word' id='word_1_103' title='bbox 592 1521 758 1606; x_wconf 89' lang='lat' dir='ltr'>aspiciunt,</span> <span class='ocrx_word' id='word_1_104' title='bbox 776 1532 872 1608; x_wconf 89' lang='lat' dir='ltr'>atque</span> <span class='ocrx_word' id='word_1_105' title='bbox 891 1518 1066 1584; x_wconf 79' lang='lat' dir='ltr'>comminirs</span> <span class='ocrx_word' id='word_1_106' title='bbox 1084 1519 1298 1601; x_wconf 92' lang='lat' dir='ltr'>intendentes,</span> 
     </span>
     <span class='ocr_line' id='line_1_14' title="bbox 156 1607 1300 1696; baseline -0.002 -21"><span class='ocrx_word' id='word_1_107' title='bbox 156 1634 232 1675; x_wconf 91' lang='lat' dir='ltr'>eum</span> <span class='ocrx_word' id='word_1_108' title='bbox 253 1609 408 1696; x_wconf 88' lang='lat' dir='ltr'>paulatim</span> <span class='ocrx_word' id='word_1_109' title='bbox 430 1609 590 1674; x_wconf 91' lang='lat' dir='ltr'>littoribus</span> <span class='ocrx_word' id='word_1_110' title='bbox 613 1608 818 1694; x_wconf 88' lang='lat' dir='ltr'>appropriare</span> <span class='ocrx_word' id='word_1_111' title='bbox 841 1607 1011 1671; x_wconf 88' lang='lat' dir='ltr'>coniciunt.</span> <span class='ocrx_word' id='word_1_112' title='bbox 1058 1608 1207 1695; x_wconf 90' lang='lat' dir='ltr'>Denique</span> <span class='ocrx_word' id='word_1_113' title='bbox 1223 1608 1300 1673; x_wconf 91' lang='lat' dir='ltr'>dum</span> 
     </span>
     <span class='ocr_line' id='line_1_15' title="bbox 156 1695 1301 1784; baseline -0.002 -21"><span class='ocrx_word' id='word_1_114' title='bbox 156 1698 259 1763; x_wconf 73' lang='lat' dir='ltr'>acrids</span> <span class='ocrx_word' id='word_1_115' title='bbox 271 1697 479 1783; x_wconf 89' lang='lat' dir='ltr'>conspiciunt,</span> <span class='ocrx_word' id='word_1_116' title='bbox 496 1697 585 1784; x_wconf 88' lang='lat' dir='ltr'>quasi</span> <span class='ocrx_word' id='word_1_117' title='bbox 601 1697 726 1783; x_wconf 89' lang='lat' dir='ltr'>equinae</span> <span class='ocrx_word' id='word_1_118' title='bbox 742 1696 880 1781; x_wconf 87' lang='lat' dir='ltr'>speciem</span> <span class='ocrx_word' id='word_1_119' title='bbox 891 1696 1003 1760; x_wconf 86' lang='lat' dir='ltr'>formae</span> <span class='ocrx_word' id='word_1_120' title='bbox 1014 1695 1238 1760; x_wconf 88' lang='lat' dir='ltr'>advenientem</span> <span class='ocrx_word' id='word_1_121' title='bbox 1254 1697 1301 1761; x_wconf 92' lang='lat' dir='ltr'>in-</span> 
     </span>
     <span class='ocr_line' id='line_1_16' title="bbox 156 1783 1301 1869; baseline -0.002 -19"><span class='ocrx_word' id='word_1_122' title='bbox 156 1786 273 1866; x_wconf 86' lang='lat' dir='ltr'>visunt,</span> <span class='ocrx_word' id='word_1_123' title='bbox 291 1798 324 1851; x_wconf 94' lang='lat' dir='ltr'>et</span> <span class='ocrx_word' id='word_1_124' title='bbox 346 1784 481 1850; x_wconf 78' lang='lat' dir='ltr'>celeribs</span> <span class='ocrx_word' id='word_1_125' title='bbox 503 1785 706 1849; x_wconf 87' lang='lat' dir='ltr'>festinantem</span> <span class='ocrx_word' id='word_1_126' title='bbox 732 1783 867 1869; x_wconf 89' lang='lat' dir='ltr'>Harpini</span> <span class='ocrx_word' id='word_1_127' title='bbox 890 1806 1008 1868; x_wconf 91' lang='lat' dir='ltr'>equum</span> <span class='ocrx_word' id='word_1_128' title='bbox 1029 1783 1099 1848; x_wconf 73' lang='lat' dir='ltr'>fore</span> <span class='ocrx_word' id='word_1_129' title='bbox 1122 1783 1301 1868; x_wconf 90' lang='lat' dir='ltr'>deprehen-</span> 
     </span>
     <span class='ocr_line' id='line_1_17' title="bbox 154 1870 1298 1958; baseline -0.001 -20"><span class='ocrx_word' id='word_1_130' title='bbox 154 1874 248 1938; x_wconf 91' lang='lat' dir='ltr'>dunt.</span> <span class='ocrx_word' id='word_1_131' title='bbox 298 1874 363 1948; x_wconf 85' lang='lat' dir='ltr'>Qui</span> <span class='ocrx_word' id='word_1_132' title='bbox 392 1873 592 1938; x_wconf 91' lang='lat' dir='ltr'>natabundus</span> <span class='ocrx_word' id='word_1_133' title='bbox 623 1895 722 1958; x_wconf 89' lang='lat' dir='ltr'>usque</span> <span class='ocrx_word' id='word_1_134' title='bbox 752 1872 794 1936; x_wconf 86' lang='lat' dir='ltr'>ad</span> <span class='ocrx_word' id='word_1_135' title='bbox 823 1870 962 1956; x_wconf 84' lang='lat' dir='ltr'>lapidem</span> <span class='ocrx_word' id='word_1_136' title='bbox 991 1871 1093 1935; x_wconf 87' lang='lat' dir='ltr'>sancti</span> <span class='ocrx_word' id='word_1_137' title='bbox 1126 1871 1298 1938; x_wconf 90' lang='lat' dir='ltr'>Cuthberti</span> 
     </span>
     <span class='ocr_line' id='line_1_18' title="bbox 155 1958 1300 2048; baseline -0.002 -21"><span class='ocrx_word' id='word_1_138' title='bbox 155 1963 313 2048; x_wconf 90' lang='lat' dir='ltr'>pervenit,</span> <span class='ocrx_word' id='word_1_139' title='bbox 344 1984 403 2025; x_wconf 92' lang='lat' dir='ltr'>nec</span> <span class='ocrx_word' id='word_1_140' title='bbox 433 1959 557 2046; x_wconf 72' lang='lat' dir='ltr'>longios</span> <span class='ocrx_word' id='word_1_141' title='bbox 586 1959 793 2045; x_wconf 87' lang='lat' dir='ltr'>progrediens</span> <span class='ocrx_word' id='word_1_142' title='bbox 822 1958 957 2022; x_wconf 91' lang='lat' dir='ltr'>udentes</span> <span class='ocrx_word' id='word_1_143' title='bbox 987 1971 1073 2022; x_wconf 89' lang='lat' dir='ltr'>artus</span> <span class='ocrx_word' id='word_1_144' title='bbox 1103 1960 1300 2026; x_wconf 91' lang='lat' dir='ltr'>excutiendo</span> 
     </span>
     <span class='ocr_line' id='line_1_19' title="bbox 155 2045 1299 2133; baseline -0.002 -18"><span class='ocrx_word' id='word_1_145' title='bbox 155 2050 317 2116; x_wconf 85' lang='lat' dir='ltr'>exsiccare</span> <span class='ocrx_word' id='word_1_146' title='bbox 333 2048 459 2133; x_wconf 86' lang='lat' dir='ltr'>sategit.</span> <span class='ocrx_word' id='word_1_147' title='bbox 506 2049 670 2133; x_wconf 88' lang='lat' dir='ltr'>Harpinus</span> <span class='ocrx_word' id='word_1_148' title='bbox 684 2071 762 2111; x_wconf 89' lang='lat' dir='ltr'>mox</span> <span class='ocrx_word' id='word_1_149' title='bbox 776 2047 818 2111; x_wconf 93' lang='lat' dir='ltr'>de</span> <span class='ocrx_word' id='word_1_150' title='bbox 829 2045 936 2110; x_wconf 92' lang='lat' dir='ltr'>medio</span> <span class='ocrx_word' id='word_1_151' title='bbox 952 2048 1128 2126; x_wconf 89' lang='lat' dir='ltr'>turbarum,</span> <span class='ocrx_word' id='word_1_152' title='bbox 1146 2048 1299 2113; x_wconf 87' lang='lat' dir='ltr'>Sanctum</span> 
     </span>
     <span class='ocr_line' id='line_1_20' title="bbox 155 2134 1300 2225; baseline 0 -23"><span class='ocrx_word' id='word_1_153' title='bbox 155 2138 272 2225; x_wconf 79' lang='lat' dir='ltr'>saepids</span> <span class='ocrx_word' id='word_1_154' title='bbox 294 2136 472 2201; x_wconf 80' lang='lat' dir='ltr'>invocando</span> <span class='ocrx_word' id='word_1_155' title='bbox 498 2136 723 2212; x_wconf 90' lang='lat' dir='ltr'>Cuthbertum,</span> <span class='ocrx_word' id='word_1_156' title='bbox 747 2134 903 2221; x_wconf 90' lang='lat' dir='ltr'>prosiluit,</span> <span class='ocrx_word' id='word_1_157' title='bbox 920 2147 953 2199; x_wconf 92' lang='lat' dir='ltr'>et</span> <span class='ocrx_word' id='word_1_158' title='bbox 976 2134 1197 2200; x_wconf 87' lang='lat' dir='ltr'>subselliorum</span> <span class='ocrx_word' id='word_1_159' title='bbox 1219 2149 1300 2202; x_wconf 87' lang='lat' dir='ltr'>stra-</span> 
     </span>
     <span class='ocr_line' id='line_1_21' title="bbox 155 2223 1298 2310; baseline 0.002 -21"><span class='ocrx_word' id='word_1_160' title='bbox 155 2226 271 2290; x_wconf 90' lang='lat' dir='ltr'>mentis</span> <span class='ocrx_word' id='word_1_161' title='bbox 280 2225 486 2310; x_wconf 90' lang='lat' dir='ltr'>confrigendo</span> <span class='ocrx_word' id='word_1_162' title='bbox 498 2224 703 2301; x_wconf 89' lang='lat' dir='ltr'>desiccatum,</span> <span class='ocrx_word' id='word_1_163' title='bbox 715 2223 858 2287; x_wconf 90' lang='lat' dir='ltr'>ministro</span> <span class='ocrx_word' id='word_1_164' title='bbox 870 2223 1114 2287; x_wconf 89' lang='lat' dir='ltr'>custodiendum</span> <span class='ocrx_word' id='word_1_165' title='bbox 1126 2223 1298 2309; x_wconf 87' lang='lat' dir='ltr'>delegavit.</span> 
     </span>
     <span class='ocr_line' id='line_1_22' title="bbox 159 2311 1297 2400; baseline 0.001 -23"><span class='ocrx_word' id='word_1_166' title='bbox 159 2314 232 2400; x_wconf 84' lang='lat' dir='ltr'>Ipse</span> <span class='ocrx_word' id='word_1_167' title='bbox 248 2313 326 2378; x_wconf 79' lang='lat' dir='ltr'>verb</span> <span class='ocrx_word' id='word_1_168' title='bbox 344 2312 482 2399; x_wconf 88' lang='lat' dir='ltr'>lapidem</span> <span class='ocrx_word' id='word_1_169' title='bbox 497 2335 711 2376; x_wconf 89' lang='lat' dir='ltr'>marmoreum</span> <span class='ocrx_word' id='word_1_170' title='bbox 733 2311 765 2374; x_wconf 91' lang='lat' dir='ltr'>in</span> <span class='ocrx_word' id='word_1_171' title='bbox 782 2311 862 2375; x_wconf 93' lang='lat' dir='ltr'>ulnis</span> <span class='ocrx_word' id='word_1_172' title='bbox 878 2311 1100 2396; x_wconf 86' lang='lat' dir='ltr'>amplectando</span> <span class='ocrx_word' id='word_1_173' title='bbox 1121 2313 1297 2397; x_wconf 85' lang='lat' dir='ltr'>bajulabat,</span> 
     </span>
     <span class='ocr_line' id='line_1_23' title="bbox 156 2399 1297 2485; baseline 0 -19"><span class='ocrx_word' id='word_1_174' title='bbox 156 2415 190 2466; x_wconf 88' lang='lat' dir='ltr'>et</span> <span class='ocrx_word' id='word_1_175' title='bbox 213 2402 358 2466; x_wconf 91' lang='lat' dir='ltr'>omnibus</span> <span class='ocrx_word' id='word_1_176' title='bbox 383 2400 491 2465; x_wconf 87' lang='lat' dir='ltr'>Sancti</span> <span class='ocrx_word' id='word_1_177' title='bbox 519 2399 690 2465; x_wconf 87' lang='lat' dir='ltr'>Cuthberti</span> <span class='ocrx_word' id='word_1_178' title='bbox 714 2399 896 2483; x_wconf 90' lang='lat' dir='ltr'>detegendo</span> <span class='ocrx_word' id='word_1_179' title='bbox 918 2400 1076 2485; x_wconf 85' lang='lat' dir='ltr'>magnalia</span> <span class='ocrx_word' id='word_1_180' title='bbox 1097 2401 1297 2485; x_wconf 88' lang='lat' dir='ltr'>propalabat.</span> 
     </span>
     <span class='ocr_line' id='line_1_24' title="bbox 157 2487 1297 2573; baseline -0.001 -18"><span class='ocrx_word' id='word_1_181' title='bbox 157 2500 181 2531; x_wconf 89' lang='lat'>“</span> <span class='ocrx_word' id='word_1_182' title='bbox 196 2490 299 2555; x_wconf 85' lang='lat' dir='ltr'>Ecce&#39;’</span> <span class='ocrx_word' id='word_1_183' title='bbox 329 2489 438 2553; x_wconf 91' lang='lat' dir='ltr'>dicens</span> <span class='ocrx_word' id='word_1_184' title='bbox 463 2489 602 2552; x_wconf 85' lang='lat' dir='ltr'>“Beate</span> <span class='ocrx_word' id='word_1_185' title='bbox 632 2487 822 2566; x_wconf 88' lang='lat' dir='ltr'>Cuthberte,</span> <span class='ocrx_word' id='word_1_186' title='bbox 842 2489 911 2573; x_wconf 85' lang='lat' dir='ltr'>jam</span> <span class='ocrx_word' id='word_1_187' title='bbox 928 2511 1014 2552; x_wconf 89' lang='lat' dir='ltr'>nunc</span> <span class='ocrx_word' id='word_1_188' title='bbox 1030 2487 1103 2566; x_wconf 92' lang='lat' dir='ltr'>tuis,</span> <span class='ocrx_word' id='word_1_189' title='bbox 1121 2501 1154 2552; x_wconf 92' lang='lat' dir='ltr'>et</span> <span class='ocrx_word' id='word_1_190' title='bbox 1180 2490 1297 2554; x_wconf 88' lang='lat' dir='ltr'>amodo</span> 
     </span>
     <span class='ocr_line' id='line_1_25' title="bbox 155 2576 1299 2665; baseline 0.001 -24"><span class='ocrx_word' id='word_1_191' title='bbox 155 2600 256 2665; x_wconf 90' lang='lat' dir='ltr'>usque</span> <span class='ocrx_word' id='word_1_192' title='bbox 277 2577 310 2641; x_wconf 94' lang='lat' dir='ltr'>in</span> <span class='ocrx_word' id='word_1_193' title='bbox 324 2577 561 2662; x_wconf 89' lang='lat' dir='ltr'>sempiternum,</span> <span class='ocrx_word' id='word_1_194' title='bbox 578 2589 707 2661; x_wconf 90' lang='lat' dir='ltr'>paratus</span> <span class='ocrx_word' id='word_1_195' title='bbox 722 2599 792 2639; x_wconf 92' lang='lat' dir='ltr'>sum</span> <span class='ocrx_word' id='word_1_196' title='bbox 807 2577 1028 2665; x_wconf 88' lang='lat' dir='ltr'>obtemperare</span> <span class='ocrx_word' id='word_1_197' title='bbox 1045 2576 1223 2664; x_wconf 84' lang='lat' dir='ltr'>obsequiis3</span> <span class='ocrx_word' id='word_1_198' title='bbox 1238 2601 1299 2642; x_wconf 88' lang='lat' dir='ltr'>nec</span> 
     </span>
     <span class='ocr_line' id='line_1_26' title="bbox 154 2663 1297 2753; baseline 0.002 -24"><span class='ocrx_word' id='word_1_199' title='bbox 154 2688 295 2753; x_wconf 87' lang='lat' dir='ltr'>unquam</span> <span class='ocrx_word' id='word_1_200' title='bbox 307 2663 438 2729; x_wconf 77' lang='lat' dir='ltr'>ulterius</span> <span class='ocrx_word' id='word_1_201' title='bbox 450 2665 579 2728; x_wconf 86' lang='lat' dir='ltr'>credam</span> <span class='ocrx_word' id='word_1_202' title='bbox 594 2664 681 2750; x_wconf 94' lang='lat' dir='ltr'>quod</span> <span class='ocrx_word' id='word_1_203' title='bbox 696 2664 808 2751; x_wconf 89' lang='lat' dir='ltr'>aliquis</span> <span class='ocrx_word' id='word_1_204' title='bbox 825 2665 1014 2728; x_wconf 89' lang='lat' dir='ltr'>Sanctorum</span> <span class='ocrx_word' id='word_1_205' title='bbox 1025 2665 1084 2729; x_wconf 94' lang='lat' dir='ltr'>tibi</span> <span class='ocrx_word' id='word_1_206' title='bbox 1092 2665 1125 2728; x_wconf 91' lang='lat' dir='ltr'>in</span> <span class='ocrx_word' id='word_1_207' title='bbox 1134 2664 1297 2749; x_wconf 89' lang='lat' dir='ltr'>signorum</span> 
     </span>
     <span class='ocr_line' id='line_1_27' title="bbox 153 2751 1295 2841; baseline 0.001 -25"><span class='ocrx_word' id='word_1_208' title='bbox 153 2753 311 2818; x_wconf 88' lang='lat' dir='ltr'>miraculis</span> <span class='ocrx_word' id='word_1_209' title='bbox 323 2752 422 2838; x_wconf 90' lang='lat' dir='ltr'>possit</span> <span class='ocrx_word' id='word_1_210' title='bbox 437 2776 505 2817; x_wconf 90' lang='lat' dir='ltr'>esse</span> <span class='ocrx_word' id='word_1_211' title='bbox 521 2751 700 2816; x_wconf 87' lang='lat' dir='ltr'>consimilis.</span> <span class='ocrx_word' id='word_1_212' title='bbox 749 2753 847 2817; x_wconf 90' lang='lat' dir='ltr'>Certe</span> <span class='ocrx_word' id='word_1_213' title='bbox 859 2751 928 2816; x_wconf 83' lang='lat' dir='ltr'>haec</span> <span class='ocrx_word' id='word_1_214' title='bbox 945 2752 1009 2841; x_wconf 80' lang='lat' dir='ltr'>Dei</span> <span class='ocrx_word' id='word_1_215' title='bbox 1024 2765 1057 2817; x_wconf 91' lang='lat' dir='ltr'>et</span> <span class='ocrx_word' id='word_1_216' title='bbox 1073 2753 1120 2816; x_wconf 93' lang='lat' dir='ltr'>tui</span> <span class='ocrx_word' id='word_1_217' title='bbox 1135 2753 1295 2840; x_wconf 70' lang='lat' dir='ltr'>praecipue</span> 
     </span>
     <span class='ocr_line' id='line_1_28' title="bbox 154 2839 1297 2927; baseline 0 -22"><span class='ocrx_word' id='word_1_218' title='bbox 154 2854 228 2906; x_wconf 86' lang='lat' dir='ltr'>sunt</span> <span class='ocrx_word' id='word_1_219' title='bbox 247 2840 415 2926; x_wconf 86' lang='lat' dir='ltr'>magnalia,</span> <span class='ocrx_word' id='word_1_220' title='bbox 432 2863 504 2927; x_wconf 90' lang='lat' dir='ltr'>quae</span> <span class='ocrx_word' id='word_1_221' title='bbox 527 2840 560 2904; x_wconf 93' lang='lat' dir='ltr'>in</span> <span class='ocrx_word' id='word_1_222' title='bbox 581 2839 674 2903; x_wconf 91' lang='lat' dir='ltr'>undis</span> <span class='ocrx_word' id='word_1_223' title='bbox 697 2839 833 2927; x_wconf 83' lang='lat' dir='ltr'>aequoris</span> <span class='ocrx_word' id='word_1_224' title='bbox 855 2839 936 2904; x_wconf 93' lang='lat' dir='ltr'>binis</span> <span class='ocrx_word' id='word_1_225' title='bbox 959 2840 1071 2904; x_wconf 90' lang='lat' dir='ltr'>diebus</span> <span class='ocrx_word' id='word_1_226' title='bbox 1094 2853 1128 2905; x_wconf 91' lang='lat' dir='ltr'>et</span> <span class='ocrx_word' id='word_1_227' title='bbox 1150 2841 1297 2906; x_wconf 91' lang='lat' dir='ltr'>noctibus</span> 
     </span>
     <span class='ocr_line' id='line_1_29' title="bbox 153 2927 1297 3015; baseline 0 -23"><span class='ocrx_word' id='word_1_228' title='bbox 153 2928 254 2993; x_wconf 82' lang='lat' dir='ltr'>illoesa</span> <span class='ocrx_word' id='word_1_229' title='bbox 267 2928 446 3015; x_wconf 87' lang='lat' dir='ltr'>reparando</span> <span class='ocrx_word' id='word_1_230' title='bbox 460 2927 600 2992; x_wconf 91' lang='lat' dir='ltr'>restituis</span> <span class='ocrx_word' id='word_1_231' title='bbox 610 2929 787 3013; x_wconf 88' lang='lat' dir='ltr'>jumenta.”</span> <span class='ocrx_word' id='word_1_232' title='bbox 834 2927 946 2992; x_wconf 89' lang='lat' dir='ltr'>Turba</span> <span class='ocrx_word' id='word_1_233' title='bbox 957 2927 1034 2992; x_wconf 77' lang='lat' dir='ltr'>vero</span> <span class='ocrx_word' id='word_1_234' title='bbox 1045 2928 1178 2992; x_wconf 85' lang='lat' dir='ltr'>infinitae</span> <span class='ocrx_word' id='word_1_235' title='bbox 1189 2930 1297 2994; x_wconf 91' lang='lat' dir='ltr'>multi-</span> 
     </span>
     <span class='ocr_line' id='line_1_30' title="bbox 153 3015 1295 3117; baseline 0 -36"><span class='ocrx_word' id='word_1_236' title='bbox 153 3016 283 3094; x_wconf 87' lang='lat' dir='ltr'>tudinis,</span> <span class='ocrx_word' id='word_1_237' title='bbox 300 3039 372 3117; x_wconf 80' lang='lat' dir='ltr'>quae</span> <span class='ocrx_word' id='word_1_238' title='bbox 392 3016 541 3104; x_wconf 82' lang='lat' dir='ltr'>frequens</span> <span class='ocrx_word' id='word_1_239' title='bbox 561 3015 717 3093; x_wconf 83' lang='lat' dir='ltr'>astiterat,</span> <span class='ocrx_word' id='word_1_240' title='bbox 738 3015 832 3080; x_wconf 87' lang='lat' dir='ltr'>Beati</span> <span class='ocrx_word' id='word_1_241' title='bbox 854 3015 1024 3080; x_wconf 88' lang='lat' dir='ltr'>Cuthberti</span> <span class='ocrx_word' id='word_1_242' title='bbox 1046 3015 1182 3100; x_wconf 86' lang='lat' dir='ltr'>gloriam</span> <span class='ocrx_word' id='word_1_243' title='bbox 1199 3015 1295 3103; x_wconf 64' lang='lat' dir='ltr'>quam</span> 
     </span>
     <span class='ocr_line' id='line_1_31' title="bbox 153 3103 1296 3190; baseline 0 -22"><span class='ocrx_word' id='word_1_244' title='bbox 153 3104 339 3190; x_wconf 80' lang='lat' dir='ltr'>magnidicis</span> <span class='ocrx_word' id='word_1_245' title='bbox 352 3104 482 3169; x_wconf 92' lang='lat' dir='ltr'>vocibus</span> <span class='ocrx_word' id='word_1_246' title='bbox 497 3103 698 3188; x_wconf 85' lang='lat' dir='ltr'>singulariter</span> <span class='ocrx_word' id='word_1_247' title='bbox 710 3104 875 3168; x_wconf 86' lang='lat' dir='ltr'>efferebat.</span> <span class='ocrx_word' id='word_1_248' title='bbox 923 3103 986 3167; x_wconf 92' lang='lat' dir='ltr'>Per</span> <span class='ocrx_word' id='word_1_249' title='bbox 1000 3105 1084 3188; x_wconf 84' lang='lat' dir='ltr'>ripas</span> <span class='ocrx_word' id='word_1_250' title='bbox 1096 3104 1182 3168; x_wconf 88' lang='lat' dir='ltr'>enirn</span> <span class='ocrx_word' id='word_1_251' title='bbox 1193 3117 1296 3169; x_wconf 88' lang='lat' dir='ltr'>cater-</span> 
     </span>
     <span class='ocr_line' id='line_1_32' title="bbox 153 3190 1296 3278; baseline 0 -21"><span class='ocrx_word' id='word_1_252' title='bbox 153 3191 254 3257; x_wconf 86' lang='lat' dir='ltr'>vatim</span> <span class='ocrx_word' id='word_1_253' title='bbox 265 3194 369 3257; x_wconf 84' lang='lat' dir='ltr'>turbae</span> <span class='ocrx_word' id='word_1_254' title='bbox 381 3191 587 3256; x_wconf 84' lang='lat' dir='ltr'>discurrendo</span> <span class='ocrx_word' id='word_1_255' title='bbox 599 3190 817 3269; x_wconf 89' lang='lat' dir='ltr'>circumibant,</span> <span class='ocrx_word' id='word_1_256' title='bbox 831 3205 865 3255; x_wconf 92' lang='lat' dir='ltr'>et</span> <span class='ocrx_word' id='word_1_257' title='bbox 876 3191 1122 3256; x_wconf 82' lang='lat' dir='ltr'>substantiarum</span> <span class='ocrx_word' id='word_1_258' title='bbox 1134 3193 1296 3278; x_wconf 88' lang='lat' dir='ltr'>exposita·</span> 
     </span>
     <span class='ocr_line' id='line_1_33' title="bbox 152 3279 1296 3369; baseline -0.001 -24"><span class='ocrx_word' id='word_1_259' title='bbox 152 3303 225 3346; x_wconf 90' lang='lat' dir='ltr'>rum</span> <span class='ocrx_word' id='word_1_260' title='bbox 236 3281 357 3366; x_wconf 86' lang='lat' dir='ltr'>praedia</span> <span class='ocrx_word' id='word_1_261' title='bbox 365 3281 539 3369; x_wconf 86' lang='lat' dir='ltr'>quaerendo</span> <span class='ocrx_word' id='word_1_262' title='bbox 551 3279 749 3343; x_wconf 90' lang='lat' dir='ltr'>diffluebant.</span> <span class='ocrx_word' id='word_1_263' title='bbox 796 3279 956 3364; x_wconf 88' lang='lat' dir='ltr'>Harpinus</span> <span class='ocrx_word' id='word_1_264' title='bbox 967 3292 1040 3365; x_wconf 93' lang='lat' dir='ltr'>post</span> <span class='ocrx_word' id='word_1_265' title='bbox 1052 3279 1158 3344; x_wconf 87' lang='lat' dir='ltr'>omnia</span> <span class='ocrx_word' id='word_1_266' title='bbox 1171 3281 1296 3344; x_wconf 92' lang='lat' dir='ltr'>Dunel-</span> 
     </span>
     <span class='ocr_line' id='line_1_34' title="bbox 152 3366 1295 3453; baseline 0 -21"><span class='ocrx_word' id='word_1_267' title='bbox 152 3368 397 3448; x_wconf 86' lang='lat' dir='ltr'>nrumrediit,et</span> <span class='ocrx_word' id='word_1_268' title='bbox 406 3368 544 3453; x_wconf 90' lang='lat' dir='ltr'>lapidem</span> <span class='ocrx_word' id='word_1_269' title='bbox 554 3366 943 3432; x_wconf 88' lang='lat' dir='ltr'>suumBeatoCuthberto</span> <span class='ocrx_word' id='word_1_270' title='bbox 952 3390 1024 3431; x_wconf 91' lang='lat' dir='ltr'>cum</span> <span class='ocrx_word' id='word_1_271' title='bbox 1032 3367 1295 3433; x_wconf 72' lang='lat' dir='ltr'>mirddevotionis</span> 
     </span>
     <span class='ocr_line' id='line_1_35' title="bbox 153 3454 1294 3542; baseline -0.001 -20"><span class='ocrx_word' id='word_1_272' title='bbox 153 3456 316 3522; x_wconf 88' lang='lat' dir='ltr'>oblatione</span> <span class='ocrx_word' id='word_1_273' title='bbox 328 3455 535 3541; x_wconf 86' lang='lat' dir='ltr'>consignavit.</span> <span class='ocrx_word' id='word_1_274' title='bbox 584 3455 682 3521; x_wconf 92' lang='lat' dir='ltr'>Unde</span> <span class='ocrx_word' id='word_1_275' title='bbox 694 3478 793 3542; x_wconf 91' lang='lat' dir='ltr'>usque</span> <span class='ocrx_word' id='word_1_276' title='bbox 805 3454 918 3520; x_wconf 86' lang='lat' dir='ltr'>fratres</span> <span class='ocrx_word' id='word_1_277' title='bbox 931 3455 1075 3520; x_wconf 85' lang='lat' dir='ltr'>ecclesiae</span> <span class='ocrx_word' id='word_1_278' title='bbox 1087 3457 1209 3522; x_wconf 90' lang='lat' dir='ltr'>colores</span> <span class='ocrx_word' id='word_1_279' title='bbox 1221 3480 1294 3521; x_wconf 91' lang='lat' dir='ltr'>suos</span> 
     </span>
     <span class='ocr_line' id='line_1_36' title="bbox 153 3542 1295 3631; baseline 0 -23"><span class='ocrx_word' id='word_1_280' title='bbox 153 3545 186 3608; x_wconf 91' lang='lat' dir='ltr'>in</span> <span class='ocrx_word' id='word_1_281' title='bbox 200 3544 357 3631; x_wconf 86' lang='lat' dir='ltr'>praedicto</span> <span class='ocrx_word' id='word_1_282' title='bbox 370 3544 476 3630; x_wconf 87' lang='lat' dir='ltr'>lapide</span> <span class='ocrx_word' id='word_1_283' title='bbox 488 3544 684 3608; x_wconf 87' lang='lat' dir='ltr'>conterendo</span> <span class='ocrx_word' id='word_1_284' title='bbox 697 3542 875 3606; x_wconf 90' lang='lat' dir='ltr'>diminuunt</span> <span class='ocrx_word' id='word_1_285' title='bbox 888 3567 897 3619; x_wconf 86' lang='lat'>3</span> <span class='ocrx_word' id='word_1_286' title='bbox 913 3555 946 3607; x_wconf 91' lang='lat' dir='ltr'>et</span> <span class='ocrx_word' id='word_1_287' title='bbox 956 3545 998 3607; x_wconf 95' lang='lat' dir='ltr'>ob</span> <span class='ocrx_word' id='word_1_288' title='bbox 1014 3543 1107 3608; x_wconf 89' lang='lat' dir='ltr'>Beati</span> <span class='ocrx_word' id='word_1_289' title='bbox 1122 3545 1295 3610; x_wconf 88' lang='lat' dir='ltr'>Cuthberti</span> 
     </span>
    </p>
   </div>
   <div class='ocr_carea' id='block_1_3' title="bbox 152 3630 1295 4159">
    <p class='ocr_par' dir='ltr' id='par_1_3' title="bbox 152 3630 1295 4159">
     <span class='ocr_line' id='line_1_37' title="bbox 152 3630 1293 3730; baseline 0 -34"><span class='ocrx_word' id='word_1_290' title='bbox 152 3632 283 3698; x_wconf 89' lang='lat' dir='ltr'>honoris</span> <span class='ocrx_word' id='word_1_291' title='bbox 292 3632 426 3718; x_wconf 88' lang='lat' dir='ltr'>gloriam</span> <span class='ocrx_word' id='word_1_292' title='bbox 434 3632 589 3697; x_wconf 88' lang='lat' dir='ltr'>cariorem</span> <span class='ocrx_word' id='word_1_293' title='bbox 600 3631 748 3696; x_wconf 90' lang='lat' dir='ltr'>habendo</span> <span class='ocrx_word' id='word_1_294' title='bbox 763 3630 858 3730; x_wconf 69' lang='lat' dir='ltr'>quim</span> <span class='ocrx_word' id='word_1_295' title='bbox 867 3631 975 3695; x_wconf 94' lang='lat' dir='ltr'>multis</span> <span class='ocrx_word' id='word_1_296' title='bbox 991 3632 1176 3697; x_wconf 92' lang='lat' dir='ltr'>ostendunt.</span> <span class='ocrx_word' id='word_1_297' title='bbox 1222 3632 1293 3696; x_wconf 90' lang='lat' dir='ltr'>Nec</span> 
     </span>
     <span class='ocr_line' id='line_1_38' title="bbox 152 3718 1295 3806; baseline 0.001 -21"><span class='ocrx_word' id='word_1_298' title='bbox 152 3719 283 3786; x_wconf 88' lang='lat' dir='ltr'>minoris</span> <span class='ocrx_word' id='word_1_299' title='bbox 305 3721 459 3806; x_wconf 86' lang='lat' dir='ltr'>potentiae</span> <span class='ocrx_word' id='word_1_300' title='bbox 477 3719 663 3784; x_wconf 90' lang='lat' dir='ltr'>miraculum</span> <span class='ocrx_word' id='word_1_301' title='bbox 679 3718 803 3784; x_wconf 82' lang='lat' dir='ltr'>exstitit</span> <span class='ocrx_word' id='word_1_302' title='bbox 818 3719 1001 3805; x_wconf 85' lang='lat' dir='ltr'>jumentum</span> <span class='ocrx_word' id='word_1_303' title='bbox 1023 3719 1056 3783; x_wconf 89' lang='lat' dir='ltr'>in</span> <span class='ocrx_word' id='word_1_304' title='bbox 1077 3720 1172 3785; x_wconf 91' lang='lat' dir='ltr'>maris</span> <span class='ocrx_word' id='word_1_305' title='bbox 1187 3721 1295 3787; x_wconf 91' lang='lat' dir='ltr'>medio</span> 
     </span>
     <span class='ocr_line' id='line_1_39' title="bbox 152 3806 1294 3894; baseline -0.001 -21"><span class='ocrx_word' id='word_1_306' title='bbox 152 3830 212 3894; x_wconf 90' lang='lat' dir='ltr'>per</span> <span class='ocrx_word' id='word_1_307' title='bbox 223 3821 349 3894; x_wconf 90' lang='lat' dir='ltr'>tempus</span> <span class='ocrx_word' id='word_1_308' title='bbox 358 3807 447 3873; x_wconf 95' lang='lat' dir='ltr'>bidui</span> <span class='ocrx_word' id='word_1_309' title='bbox 459 3808 592 3872; x_wconf 85' lang='lat' dir='ltr'>illaesum</span> <span class='ocrx_word' id='word_1_310' title='bbox 604 3807 776 3885; x_wconf 90' lang='lat' dir='ltr'>custodire,</span> <span class='ocrx_word' id='word_1_311' title='bbox 787 3829 883 3894; x_wconf 90' lang='lat' dir='ltr'>quam</span> <span class='ocrx_word' id='word_1_312' title='bbox 898 3806 1035 3871; x_wconf 91' lang='lat' dir='ltr'>Beatum</span> <span class='ocrx_word' id='word_1_313' title='bbox 1053 3808 1187 3873; x_wconf 91' lang='lat' dir='ltr'>Paulum</span> <span class='ocrx_word' id='word_1_314' title='bbox 1198 3821 1294 3872; x_wconf 86' lang='lat' dir='ltr'>nocte</span> 
     </span>
     <span class='ocr_line' id='line_1_40' title="bbox 153 3895 1294 3982; baseline -0.001 -21"><span class='ocrx_word' id='word_1_315' title='bbox 153 3909 188 3961; x_wconf 93' lang='lat' dir='ltr'>et</span> <span class='ocrx_word' id='word_1_316' title='bbox 206 3896 259 3961; x_wconf 91' lang='lat' dir='ltr'>die</span> <span class='ocrx_word' id='word_1_317' title='bbox 278 3895 311 3960; x_wconf 91' lang='lat' dir='ltr'>in</span> <span class='ocrx_word' id='word_1_318' title='bbox 333 3895 494 3982; x_wconf 91' lang='lat' dir='ltr'>profundo</span> <span class='ocrx_word' id='word_1_319' title='bbox 516 3895 611 3960; x_wconf 88' lang='lat' dir='ltr'>maris</span> <span class='ocrx_word' id='word_1_320' title='bbox 626 3895 786 3958; x_wconf 89' lang='lat' dir='ltr'>viventem</span> <span class='ocrx_word' id='word_1_321' title='bbox 806 3916 1005 3960; x_wconf 89' lang='lat' dir='ltr'>conservare.</span> <span class='ocrx_word' id='word_1_322' title='bbox 1053 3896 1096 3961; x_wconf 87' lang='lat' dir='ltr'>Et</span> <span class='ocrx_word' id='word_1_323' title='bbox 1111 3920 1151 3960; x_wconf 90' lang='lat' dir='ltr'>eo</span> <span class='ocrx_word' id='word_1_324' title='bbox 1167 3896 1294 3961; x_wconf 88' lang='lat' dir='ltr'>videtur</span> 
     </span>
     <span class='ocr_line' id='line_1_41' title="bbox 153 3981 1295 4070; baseline 0 -21"><span class='ocrx_word' id='word_1_325' title='bbox 153 3985 281 4070; x_wconf 83' lang='lat' dir='ltr'>majoris</span> <span class='ocrx_word' id='word_1_326' title='bbox 296 4008 365 4049; x_wconf 88' lang='lat' dir='ltr'>esse</span> <span class='ocrx_word' id='word_1_327' title='bbox 380 3984 517 4069; x_wconf 89' lang='lat' dir='ltr'>prodigii</span> <span class='ocrx_word' id='word_1_328' title='bbox 532 4007 596 4070; x_wconf 94' lang='lat' dir='ltr'>quo</span> <span class='ocrx_word' id='word_1_329' title='bbox 612 3982 739 4068; x_wconf 91' lang='lat' dir='ltr'>spiritus</span> <span class='ocrx_word' id='word_1_330' title='bbox 754 3981 889 4046; x_wconf 90' lang='lat' dir='ltr'>hominis</span> <span class='ocrx_word' id='word_1_331' title='bbox 904 3983 1031 4069; x_wconf 88' lang='lat' dir='ltr'>majoris</span> <span class='ocrx_word' id='word_1_332' title='bbox 1047 3983 1172 4050; x_wconf 92' lang='lat' dir='ltr'>virtutis</span> <span class='ocrx_word' id='word_1_333' title='bbox 1188 3985 1295 4051; x_wconf 90' lang='lat' dir='ltr'>excel-</span> 
     </span>
     <span class='ocr_line' id='line_1_42' title="bbox 152 4071 1001 4159; baseline -0.001 -22"><span class='ocrx_word' id='word_1_334' title='bbox 152 4072 261 4138; x_wconf 84' lang='lat' dir='ltr'>lentiae</span> <span class='ocrx_word' id='word_1_335' title='bbox 276 4086 311 4139; x_wconf 92' lang='lat' dir='ltr'>et</span> <span class='ocrx_word' id='word_1_336' title='bbox 324 4072 488 4159; x_wconf 84' lang='lat' dir='ltr'>diguitatis</span> <span class='ocrx_word' id='word_1_337' title='bbox 502 4072 572 4137; x_wconf 87' lang='lat' dir='ltr'>fore</span> <span class='ocrx_word' id='word_1_338' title='bbox 587 4071 728 4136; x_wconf 89' lang='lat' dir='ltr'>creditur</span> <span class='ocrx_word' id='word_1_339' title='bbox 742 4093 838 4157; x_wconf 89' lang='lat' dir='ltr'>quam</span> <span class='ocrx_word' id='word_1_340' title='bbox 851 4071 1001 4156; x_wconf 91' lang='lat' dir='ltr'>jumenti.</span> 
     </span>
    </p>
   </div>
   <div class='ocr_carea' id='block_1_4' title="bbox 0 0 1466 4966">
    <p class='ocr_par' dir='ltr' id='par_1_4' title="bbox 0 0 1466 4966">
     <span class='ocr_line' id='line_1_43' title="bbox 0 0 1466 4966; baseline 0 1"><span class='ocrx_word' id='word_1_341' title='bbox 0 0 1466 4966; x_wconf 95' lang='lat' dir='ltr'> </span> 
     </span>
    </p>
   </div>
  </div>
 </body>
</html>
