2924 4966
471 408 651 465 nuasnu.
672 412 875 477 tirannus,
896 414 981 463 arc.
1233 398 1303 479 187

151 581 380 647 detrimentum
389 588 425 645 et
435 576 583 663 penalem
595 577 707 641 mortis
716 576 825 655 vitam,
836 576 980 641 timidam
993 600 1161 663 procreare
1172 594 1303 663 putare·

152 682 200 734 rat
211 666 457 733 conscientiam.
492 664 579 738 Quia
589 664 615 727 si
626 664 694 727 sine
705 666 792 729 cervi
804 686 939 749 corpore
948 664 1079 729 ‹lomnm
1093 666 1239 739 redisset,
1255 666 1304 727 rel

152 756 300 843 cuiqnam
312 752 471 839 sanguine
483 750 629 837 tingente
640 774 828 837 conspersus
844 750 1045 829 occurrisset,
1060 776 1118 837 pro
1134 752 1306 815 lmrnicielio

152 844 193 909 ad
206 842 369 929 poenalem
379 838 528 925 judicem
539 838 732 913 duceretur3
748 841 774 903 si
787 861 917 903 cervum
933 838 964 901 in
980 863 1039 903 suo
1050 840 1203 923 samgnine
1218 840 1307 903 volu·

153 943 256 995 tatum
270 928 316 993 ibi
330 926 524 1003 dimitteret,
540 926 626 990 hunc
641 948 716 990 eum
731 925 819 989 l'urto
837 926 879 989 tle
897 927 1011 991 verrutis
1029 926 1193 990 sustulisse
1213 950 1307 1011 repn-

154 1030 257 1093 taret3
281 1015 332 1080 vel
358 1014 451 1079 certe
480 1012 507 1075 si
533 1013 639 1077 viator
663 1034 779 1097 corpus
806 1014 891 1077 cervi
923 1036 965 1077 ex
995 1013 1096 1077 crudo
1123 1014 1306 1077 nrntlcntern

153 1102 308 1189 sanguine
323 1113 486 1177 cerneret,
503 1099 653 1163 occisoris
667 1100 893 1186 subsequendo
905 1100 1040 1183 vestigia
1054 1101 1257 1185 exploraret:
1274 1115 1308 1165 et

154 1190 346 1291 sicquidem
360 1200 533 1273 raperetur
543 1187 584 1251 ad
600 1187 727 1271 poenale
745 1186 914 1272 judicium,
931 1201 964 1251 et
980 1188 1022 1251 ad
1038 1188 1148 1252 mortis
1164 1189 1308 1252 ermritre

155 1278 287 1343 exitrale
310 1288 522 1340 tormentum.
569 1274 772 1358 Compendio
795 1274 892 1359 igitur
909 1275 1041 1351 consilii,
1060 1290 1092 1339 et
1117 1276 1235 1361 proprii
1252 1276 1309 1339 de·

155 1378 245 1431 creto
260 1362 396 1441 arbitrii,
414 1384 532 1446 corpus
547 1360 579 1423 in
602 1360 742 1425 humeris
765 1361 904 1438 sustulit,
921 1376 954 1425 ct
975 1362 1106 1426 domum
1123 1385 1218 1448 (perenn
1235 1386 1309 1447 pro-

155 1448 307 1539 peranter
328 1448 483 1514 adeundo
505 1448 633 1513 subivit.
687 1448 808 1513 Omnes
831 1450 886 1549 qui
909 1448 941 1511 in
964 1450 1062 1512 demo
1084 1450 1307 1525 consederant,

156 1562 253 1626 snpra
262 1536 398 1601 modum
407 1548 586 1620 stupentes,
599 1534 678 1622 quid
693 1535 849 1619 sacrilegir
864 1536 1073 1600 commisisset
1086 1536 1308 1621 implorabant.

160 1628 203 1691 At
217 1626 272 1690 ille
288 1623 424 1710 singulis
436 1621 597 1687 ordinarie
611 1634 728 1687 cuncta
742 1622 879 1700 detexit,
896 1635 941 1700 et,
960 1623 1014 1687 ubi
1029 1646 1145 1707 corpus
1162 1622 1241 1687 illud
1256 1648 1310 1687 oc·

158 1714 315 1779 cultatem
337 1722 525 1796 reponeret,
548 1708 723 1795 inquisivit.
772 1710 876 1795 Super
899 1724 1040 1794 tegetem
1063 1711 1213 1797 deniqne,
1236 1734 1309 1797 quar

158 1801 199 1865 de
221 1798 356 1884 virgulis
380 1809 538 1861 contexta
563 1796 636 1874 fuit,
661 1818 777 1881 corpus
801 1797 1010 1881 sanguineum
1037 1797 1176 1871 extulit3
1201 1797 1309 1884 ibique

158 1887 346 1974 repositum,
368 1884 502 1984 copioso
523 1896 772 1948 stramentorum
794 1884 979 1949 linteamine
999 1884 1190 1948 occultando
1210 1884 1311 1948 invol-

159 1974 216 2039 vit.
265 1973 320 2037 Sic
342 1972 495 2035 nimrrum
518 1970 678 2035 aestimans
703 1973 752 2034 sui
775 1970 870 2035 ausirs
898 1971 1057 2035 temerarii
1081 1994 1191 2036 causas
1216 1995 1310 2056 posse

160 2061 272 2139 latere,
286 2072 321 2124 et
336 2058 491 2123 occultati
506 2071 632 2122 reatum
646 2057 796 2121 facinoris
812 2080 875 2121 non
890 2072 1012 2143 patere.
1055 2060 1121 2123 Sed
1136 2059 1167 2122 in
1183 2059 1310 2135 lacum,¹

162 2170 259 2237 quern
274 2146 440 2211 molimine
455 2168 515 2208 suo
534 2146 670 2229 aperuit,
688 2144 803 2208 inscius
818 2145 927 2209 divino
943 2146 1147 2210 arbitramine
1161 2169 1195 2211 se
1211 2146 1312 2209 invol-

161 2236 218 2300 vit.
265 2233 396 2318 Nempe
412 2232 518 2310 vicini,
535 2231 677 2296 diluculo
699 2231 785 2295 diem
808 2246 988 2317 reparante,
1006 2248 1183 2319 surgentes,
1205 2249 1239 2298 ct
1261 2234 1313 2297 iti-

161 2334 324 2399 nerantes,
351 2341 411 2405 per
433 2318 530 2404 ipsius
552 2320 613 2382 viae
636 2318 763 2382 semitas
789 2319 957 2383 transitum
980 2320 1145 2399 facientes,
1170 2323 1248 2385 dum
1270 2322 1313 2385 ad

162 2410 294 2474 domurn
315 2407 377 2471 viri
400 2406 546 2491 praedicti
572 2406 757 2491 respiciunt,
783 2420 885 2470 totam
908 2408 1022 2472 demtis
1046 2409 1203 2493 parietem
1228 2411 1313 2472 rivos

163 2508 369 2561 emanantem
383 2493 538 2578 sangnine
554 2505 802 2578 conspexerunt.
851 2494 1016 2579 Siquidem
1040 2509 1130 2559 tanta
1150 2496 1312 2581 sanguinis

164 2582 331 2649 inundatio
355 2581 398 2644 de
422 2602 556 2665 corpore
581 2580 697 2665 tegulis
722 2582 899 2666 composito
924 2597 1139 2661 emanaverat,
1161 2585 1249 2670 quod
1272 2584 1313 2648 de

164 2670 309 2735 trabibus
320 2680 356 2733 et
373 2666 450 2731 tecti
465 2667 621 2733 foeniculis
633 2668 834 2731 decurrendo
849 2668 951 2731 omnis
966 2670 1168 2754 superficiem
1183 2670 1313 2757 parietis

164 2756 467 2823 commaculaverat.
516 2754 582 2829 Qui
596 2754 707 2819 videns
723 2778 757 2819 se
773 2752 906 2820 ulterius
922 2779 986 2819 non
1009 2780 1102 2841 posse
1118 2758 1314 2822 occultatum

165 2844 306 2928 contegi,
320 2842 362 2907 de
378 2840 545 2906 commissa
559 2841 657 2926 coepit
672 2841 846 2991 iniquitatis
861 2844 1110 2928 praesumptione
1127 2868 1234 2909 coram
1247 2845 1314 2909 aliis

166 2930 331 3018 conqueri,
350 2943 384 2993 et
400 2928 507 2991 omnia
518 2928 563 2992 eis
576 2929 715 3012 detegen
739 2953 770 3006 o,
788 2930 829 2993 de
848 2930 975 2993 occulto
991 2930 1088 3015 coepit
1105 2931 1136 2993 in
1151 2932 1315 3016 publicum

165 3016 338 3103 propalari.
387 3015 562 3079 Venientes
581 3015 679 3099 igitur
694 3015 790 3079 vicini
805 3028 838 3080 et
854 3017 1046 3080 confluendo
1061 3018 1187 3095 semoti,
1204 3040 1315 3081 omnes

167 3103 328 3169 convertit
342 3125 423 3187 opus
443 3102 524 3166 tanti
547 3102 691 3166 miraculi
711 3102 744 3165 in
764 3116 939 3187 stuporem,
957 3117 989 3167 et
1011 3103 1052 3166 ad
1074 3105 1316 3188 praedicandum

171 3190 267 3257 Beati
290 3189 464 3255 Cuthberti
486 3189 597 3273 glorias
615 3190 884 3274 magnificentiam
908 3206 941 3255 et
959 3190 1125 3254 honorem.
1173 3191 1244 3255 Nec
1269 3203 1317 3255 tu-

168 3278 308 3361 cendum
318 3276 396 3364 quia
407 3275 542 3360 vestigia
552 3276 594 3340 de
606 3276 689 3355 loco,
703 3301 767 3363 quo
783 3299 898 3362 corpus
910 3277 1013 3361 ipsum
1025 3277 1196 3355 detulerat,
1211 3278 1318 3342 omnia

168 3362 294 3430 recenti
313 3362 467 3447 sanguine
482 3385 655 3449 conspersa
672 3365 829 3449 parebant
835 3388 843 3440 3
868 3376 901 3427 et
917 3386 1017 3450 usque
1033 3365 1074 3428 ad
1090 3364 1204 3428 domlrs
1221 3365 1318 3452 ipsius

169 3451 280 3517 limina
293 3449 389 3514 rivuli
410 3450 570 3535 sanguinis
585 3450 755 3515 eminendo
771 3450 936 3536 patebant.
986 3451 1038 3515 Sic
1054 3452 1109 3538 qui
1128 3453 1318 3537 sanguinem

212 3537 295 3603 ccati
318 3537 575 3623 praesumptionis
598 3537 631 3600 in
656 3538 795 3601 Beatum
813 3538 1029 3602 Cuthbertum
1045 3540 1245 3604 committere
1261 3563 1318 3602 vo-

206 3625 242 3703 ‘t‚
265 3623 388 3711 proprii
410 3624 518 3688 reatirs
542 3624 662 3688 scelere
686 3648 720 3688 se
744 3625 880 3688 detexit.
928 3625 991 3689 Hic
1007 3628 1206 3691 venerandus
1233 3628 1319 3691 Con-

172 3712 273 3777 sessor
296 3710 442 3789 Domini,
462 3711 671 3789 Cutlrbertus,
689 3711 734 3776 ita
754 3712 957 3798 antiquorum
980 3713 1205 3777 miraculorum
1229 3713 1319 3776 inno-
1358 3723 1362 3729 '

172 3798 260 3863 vavit
280 3797 442 3883 exempla,
464 3799 550 3862 unde
575 3798 677 3862 innuit
692 3823 726 3863 se
750 3799 794 3863 eis
818 3822 1001 3883 comparem
1023 3800 1054 3862 in
1077 3801 1179 3884 gloria
1202 3799 1319 3863 divinae

172 3885 349 3972 majestatis
359 3884 509 3963 existere,
522 3909 658 3971 quorum
667 3885 845 3950 imitatione
855 3909 989 3970 operum
998 3910 1064 3949 suae
1075 3887 1199 3951 virtutis
1209 3908 1320 3971 parem

173 3985 281 4073 potest
301 3973 481 4057 potentiam
496 3972 662 4038 exhibere.
713 3974 748 4037 ln
763 3995 878 4036 canum
893 3974 1103 4057 repressione,
1121 3987 1154 4039 et
1170 3973 1320 4037 movendi

174 4059 441 4145 tmpossibilitate,
461 4059 539 4123 dum
561 4060 694 4124 latratus
717 4059 762 4122 eis
790 4059 883 4122 lroesit
906 4059 938 4121 in
960 4072 1101 4143 gutture,
1127 4059 1322 4124 Sanctissimi

177 4144 313 4211 Martini
330 4146 535 4210 Turonorum
562 4147 679 4232 Episco
703 4148 778 4208 iest
800 4144 941 4209 imitatus
960 4148 1120 4231 exempla,
1137 4148 1191 4234 qui
1207 4168 1322 4210 canum

175 4234 339 4323 quondam
354 4246 486 4298 conatus
502 4233 578 4297 fecit
593 4234 661 4296 fixo
676 4169 799 4295 iaererc
812 4232 958 4316 vestigio,
973 4247 1006 4297 et
1022 4233 1194 4321 aliqnando
1205 4234 1323 4298 latran-

627 4403 696 4459 Ῥω
707 4406 878 4474 “laqueum''
951 4454 954 4459 .
