2924 4966
504 382 683 431 uuuauu.
706 381 909 442 ursatius,
930 380 1016 430 arc.
1285 367 1334 431 55

180 539 258 604 fidei
283 541 334 603 vel
355 542 504 626 baptismi
529 543 748 628 desponsionis
776 555 898 619 votum,
915 565 975 606 nec
991 541 1050 605 sibi
1071 541 1214 605 veritatis
1235 542 1333 628 elegit

178 624 329 691 habendo
353 629 492 694 retinere
519 631 735 694 consortium:
771 630 941 716 omniaque
964 630 1034 706 haec
1058 628 1164 713 potius
1189 628 1334 694 decrevit

179 714 327 777 amittere
343 739 439 801 quam
461 715 653 781 dimidiantis
675 717 761 782 obuli
782 717 871 780 lucro
890 717 939 784 sui
957 716 1082 800 pondus
1101 715 1252 800 marsupii
1268 739 1332 780 non

177 823 318 884 augere:
354 818 458 867 totum
488 827 521 868 se
549 806 694 869 venalem
717 826 776 889 pro
800 804 898 868 obulo
928 803 1039 867 habuit
1060 802 1114 888 qui
1137 802 1234 866 fidem
1259 803 1329 881 sibi,

178 886 383 952 dilectionem
400 890 559 974 proximo,
576 905 609 955 et
625 891 794 955 veritatem
811 891 885 955 Deo
909 913 968 975 pro
992 890 1072 953 tanti
1094 889 1203 973 precio
1218 891 1330 954 demo·
1407 948 1420 971 f

176 973 284 1038 liendo
301 976 492 1041 defraudare
508 978 636 1063 sategit.
687 978 759 1042 Nec
775 991 928 1054 moratus,
946 977 1032 1040 socio
1048 976 1129 1040 sicut
1146 977 1329 1060 praestitue-

176 1075 227 1125 rat
243 1064 391 1140 occurrit,
410 1083 443 1128 et
466 1066 663 1149 comparanti
688 1088 786 1128 cornu
808 1064 935 1128 cuidam
956 1076 989 1128 et
1009 1086 1089 1127 onus
1109 1063 1207 1148 precii
1226 1063 1329 1151 inqui-

175 1149 269 1225 renti,
296 1151 389 1234 quale
417 1153 529 1230 voluit,
547 1153 689 1236 precium
714 1152 886 1236 imposuit:
905 1182 908 1188 ¹
926 1149 983 1214 sed
1009 1151 1062 1214 ille
1093 1174 1126 1214 se
1151 1173 1215 1214 uon
1247 1152 1328 1216 tanti

176 1235 338 1314 daturum,
357 1239 431 1324 quia
447 1262 515 1312 uon·
527 1240 608 1303 tanti
623 1240 770 1315 valuerit,
788 1238 964 1323 respondit.
992 1238 1054 1303 Cui
1067 1237 1119 1302 ille
1132 1239 1187 1324 qui
1199 1238 1327 1302 obviam

175 1324 1326 1410 occurrit,etcujuscornuexstitit,intulit,“tantaaudivipriusobtulisse

173 1408 280 1487 alium,
296 1427 329 1474 et
339 1411 453 1476 iccirco
464 1437 527 1478 non
540 1413 692 1497 condigni
701 1411 1237 1497 eispondespreciicommercium.”
1264 1413 1325 1477 Cui

173 1511 338 1580 empturus
349 1501 632 1585 comurespondit3
646 1500 861 1587 “tu,'’inquit,
871 1499 1325 1583 “inhoccommerciopartem

171 1582 1204 1672 habes,ethicintendisutinlucroeiparticipandocommunices.‘’
1230 1586 1323 1650 Tunc

170 1667 223 1733 ille
239 1674 328 1757 cujus
345 1696 443 1737 cornu
459 1676 597 1759 proprie,
612 1675 693 1738 sicut
709 1673 969 1759 praetaxavimus,
981 1672 1116 1749 exstitit,
1130 1695 1204 1736 cum
1219 1695 1324 1737 sacra-

171 1771 283 1821 mento
307 1763 521 1825 contestando
536 1762 698 1826 asserruit.
746 1772 767 1801 “
783 1762 847 1825 Per
862 1761 983 1838 illum,''
999 1759 1112 1846 inquit,
1132 1760 1322 1824 “Sanctum

159 1844 388 1911 Cuthbertum
415 1849 564 1912 videlicet
584 1849 638 1935 qui
664 1848 795 1912 interius
822 1847 885 1911 illic
911 1845 1094 1933 requiescit,
1111 1869 1173 1930 ego
1197 1846 1227 1910 ei
1251 1847 1322 1931 plus

169 1930 264 1995 alium
288 1935 416 1998 auribus
440 1936 518 2000 meis
545 1937 653 2000 audivi
678 1936 851 2010 obtulisse3
875 1947 908 1998 et
932 1933 1060 2019 majoris
1083 1933 1182 2017 precii
1205 1955 1320 1997 munus

168 2039 227 2102 pro
255 2019 380 2104 singulo
398 2046 497 2086 cornu
521 2047 554 2087 se
576 2023 726 2087 daturum
746 2021 947 2107 promisisse:
972 2033 1005 2084 et
1028 2035 1153 2105 partem
1176 2043 1249 2083 cum
1264 2021 1319 2085 illo

169 2126 235 2169 non
265 2107 369 2172 habeo
393 2132 453 2173 nec
478 2110 668 2194 participare
693 2132 768 2174 eum
797 2110 853 2173 illo
880 2109 988 2195 aliquo
1014 2121 1127 2172 tenore
1154 2107 1319 2192 dispono.”

174 2192 239 2256 Sed
269 2215 347 2258 mox
376 2209 413 2260 ut
443 2197 512 2260 haec
536 2197 680 2261 falsidico
707 2220 763 2260 ore
787 2196 932 2281 protulit,
960 2209 994 2258 et
1025 2195 1119 2259 Beati
1146 2195 1319 2260 Cuthberti

168 2281 346 2344 sanctitatis
382 2306 499 2347 nomen
533 2285 674 2370 perjurio
711 2283 857 2348 falsitatis
887 2282 1061 2368 polluendo
1091 2281 1236 2366 protulit,
1267 2305 1319 2348 ra-

169 2366 283 2430 diantis
321 2370 461 2434 lucernae
498 2373 665 2436 oculorum
694 2372 803 2435 lumen
832 2370 955 2435 amisit:
987 2369 1179 2454 pupillarum
1210 2382 1318 2436 tamen

166 2454 330 2538 palpebrae
368 2457 491 2542 pristini
529 2459 677 2523 habitum
717 2458 842 2521 decoris
870 2471 935 2521 non
968 2456 1227 2534 immutaverant,
1259 2459 1317 2523 sed

165 2562 294 2623 prorsus
307 2543 403 2608 nichil
419 2545 545 2630 penitus
560 2546 701 2630 aspicere
717 2545 945 2630 praevalebant,
963 2544 1038 2631 quia
1052 2556 1189 2608 vacuato
1210 2545 1317 2613 taber-

165 2630 280 2693 naculo
299 2630 430 2696 interior
452 2633 567 2718 hospes
590 2635 797 2709 abscesserat,
814 2645 848 2696 et
871 2634 979 2697 lumen
1002 2630 1146 2695 veritatis
1169 2631 1315 2696 falsitatis

164 2713 382 2782 habitaculum
398 2721 602 2785 abhorrebat.
651 2721 695 2784 At
711 2721 763 2784 ille
779 2719 833 2807 qui
849 2731 1090 2803 comparaturus
1106 2716 1228 2805 aliquid
1242 2741 1315 2804 pre-

150 2801 200 2867 tii
215 2803 290 2868 licet
305 2806 467 2870 modicum
482 2809 655 2884 obtulerat,
679 2809 844 2892 jurantem
859 2805 1037 2882 instantiuS,
1051 2805 1153 2868 acrius
1169 2805 1315 2890 increpa-

163 2888 230 2967 bat,
248 2904 281 2955 et
293 2914 312 2955 a
323 2894 464 2978 perjurio
477 2917 600 2958 cessare
611 2894 846 2958 commonebat.
879 2893 1029 2970 “Tace,’'
1041 2892 1162 2979 inquid,
1177 2902 1238 2958 “et
1247 2895 1314 2958 noli
1325 2907 1342 2926 ⁸

162 2978 296 3061 amplius
311 2980 467 3063 pejerare,
485 2981 559 3067 quia
573 3004 669 3044 nemo
685 2994 734 3045 est
749 2980 914 3044 hominum
929 2980 984 3067 qui
999 2979 1080 3043 tanti
1095 2979 1236 3064 precium
1252 3003 1312 3064 pro

148 3061 207 3128 ,eis
224 3064 301 3128 velit
313 3066 478 3149 largiendo
494 3068 696 3135 distribuere.
760 3068 818 3132 Ille
834 3090 924 3144 vero,
937 3067 992 3154 qui
1009 3067 1111 3129 visum
1125 3067 1312 3132 occulorum

162 3149 322 3228 amiserat,
351 3154 502 3217 secretius
533 3155 655 3219 socium
684 3156 908 3219 commonebat
937 3167 974 3218 ut
1004 3177 1038 3217 se
1068 3153 1101 3216 in
1134 3153 1311 3218 Ecclesiam

165 3235 258 3299 Beati
277 3239 447 3303 Cuthberti
457 3241 643 3318 adduceret,
655 3266 694 3307 eo
705 3243 792 3329 quod
802 3243 910 3306 lumen
922 3241 1088 3305 oculorum
1098 3263 1156 3325 pro
1168 3241 1310 3325 perjurio

161 3324 249 3408 quod
258 3324 291 3388 iu
306 3326 457 3389 Sanctum
472 3329 688 3393 Cuthbertum
698 3330 912 3406 commiserat,
923 3327 1089 3392 amisisset.
1139 3327 1204 3400 Qui
1213 3350 1310 3412 supra

160 3410 293 3474 modum
305 3412 490 3490 admiratus,
507 3427 540 3478 et
552 3415 658 3478 animo
670 3415 890 3480 vehementius
906 3415 1065 3491 anxiatus,
1079 3413 1195 3478 eumin
1207 3415 1309 3480 eccle-

159 3496 237 3560 siam
250 3500 1309 3587 quamcitiusproduxit,eteuminangulocoirducens,quamseduld

144 3584 330 3661 ,devotione
346 3589 554 3672 supplicando
574 3589 692 3652 diutius
711 3589 825 3652 oravit.
884 3589 1023 3674 Utrique
1044 3588 1152 3674 itaque
1168 3589 1306 3652 curvatis

142 3732 146 3737 .
157 3674 291 3754 genibus
311 3687 567 3758 prosternuntur,
590 3689 623 3739 et
643 3675 760 3739 diutius
780 3689 918 3752 orantes,
939 3676 1140 3761 nequaquam
1160 3677 1307 3742 exaudiri

156 3762 372 3825 merebantur.
429 3762 585 3826 Meritum
600 3764 731 3851 quidum
747 3764 869 3826 nullum
885 3761 1099 3826 exauditionis
1114 3764 1304 3841 habuerant,

156 3858 189 3908 et
205 3861 336 3911 cassatae
351 3850 453 3933 precis
470 3850 612 3934 precium
626 3851 846 3935 reportabant.
894 3852 1090 3936 Iteratoque,
1109 3850 1195 3913 idem
1209 3849 1307 3915 effici-

155 3947 223 4009 unt,
242 3957 300 3997 nec
316 3934 360 3998 sic
376 3936 505 4021 quidem
517 3940 605 4023 quod
619 3937 779 4022 petierant
795 3937 1016 4022 impetrarunt.
1079 3937 1172 4000 Tunc
1188 3939 1302 4002 adver-

155 4031 260 4083 tentes
281 4022 356 4107 quia
383 4023 476 4087 Beati
501 4025 673 4090 Cuthberti
696 4025 888 4088 beneficium
903 4047 960 4087 sua
979 4035 1111 4108 peccata
1125 4024 1303 4110 praepedie-

143 4120 236 4183 rant,
256 4109 329 4172 Deo
351 4122 384 4173 et
411 4111 514 4175 Beato
538 4113 719 4177 Cuthberto
738 4112 940 4176 devovebant
960 4109 1047 4197 quod
1065 4134 1226 4198 nunquam
1245 4135 1304 4197 per

153 4194 221 4276 ejus
245 4218 361 4259 nomen
387 4198 520 4261 ulterius
545 4199 673 4262 omnino
695 4200 805 4284 jurare
828 4211 1070 4283 praesumerent,
1087 4211 1120 4263 et
1136 4200 1222 4285 quod
1234 4200 1303 4283 ejus

153 4280 287 4343 nominis
317 4285 504 4348 memoriam
542 4287 684 4350 omnium
726 4281 916 4350 Sanctorum
946 4286 1300 4353 commemorationibus

153 4367 362 4434 celebriorem
377 4372 563 4436 retinerent.
626 4373 750 4449 Tertio,
769 4373 919 4458 denique,
936 4371 970 4440 ia
987 4373 1133 4436 oratione
1152 4396 1300 4457 procum·

151 4454 243 4530 bunt,
262 4469 380 4521 etcum
395 4458 492 4524 nimia
506 4459 686 4524 devotionis
702 4460 850 4524 instantia
869 4458 965 4524 Beati
975 4460 1147 4526 Cuthberti
1161 4461 1300 4525 clemen·
