2924 4966
91 368 139 443 aa
443 396 658 447 nsomsnm
688 396 878 447 nonnoni

87 556 245 641 exposita,
274 556 475 621 ferventioris
506 560 590 623 inter
623 582 679 625 eos
712 570 921 625 succreverat
950 561 1081 627 notitioe
1110 565 1247 632 amicitia

87 658 122 705 et
136 643 316 707 ‹lerotiunis
338 644 571 711 habundantia.
620 647 685 711 Sed
699 644 776 733 quia
796 668 874 711 raro
896 646 932 711 in
954 648 1110 716 omnibus
1124 665 1175 717 est
1196 676 1246 719 ea·

88 731 163 793 ‹lem
174 731 345 795 voluntatis
360 730 491 795 libertas
502 748 535 796 et
550 732 778 811 benivolentia,
789 733 930 833 contigit
945 736 1245 823 quemdameorum

86 817 213 901 gravius
229 818 390 902 temptari,
408 842 450 881 ex
471 842 577 883 ararte
592 820 729 884 lrbrdrms
744 819 928 885 insolentia.
979 822 1081 889 Unde
1096 824 1161 889 loci
1175 827 1243 914 qui·

86 905 250 968 etudinem
267 921 299 968 et
316 904 442 969 furandi
458 906 556 971 libere
571 907 757 971 facultatem
771 906 831 970 sibi
843 908 961 973 adesse
975 910 1184 996 perspiciens,
1196 936 1244 977 re·

87 1008 189 1055 mauu
213 992 309 1055 lircies
332 992 497 1057 bominum
520 994 562 1057 ad
585 993 769 1059 libertatern
792 1006 1055 1061 commutaverat
1080 998 1240 1063 vitiorum.
1343 984 1353 1055 .‘

91 1078 132 1141 ln
157 1078 294 1163 lapidem
318 1078 508 1157 acutorium,
526 1104 589 1144 non
613 1080 743 1167 quidem
765 1080 1010 1179 pulchritudine
1025 1084 1081 1149 rel
1103 1084 1240 1151 utilitate

86 1166 276 1249 preciosmu,
294 1166 363 1229 riro
377 1180 486 1231 tamen
501 1167 546 1231 illi
560 1188 841 1253 pernecessarium,
858 1166 978 1233 furtive
994 1170 1138 1251 sustulit,
1151 1184 1184 1237 et
1194 1196 1240 1237 sa·

85 1252 201 1336 crilege
231 1254 322 1317 Beati
349 1253 520 1319 Cutbberti
543 1254 723 1319 sanctuaria
735 1252 932 1339 exspolians,
949 1256 984 1319 in
1006 1258 1067 1321 sua
1088 1259 1163 1323 navi
1184 1260 1238 1323 sibi

85 1340 263 1403 abscondit.
322 1340 442 1403 Beatus
466 1342 606 1427 (ternique
634 1342 831 1407 Cuthbertus
857 1342 1011 1425 precibus
1039 1346 1238 1429 poscentium

85 1426 192 1499 all'uit;
216 1442 247 1489 et
272 1426 318 1490 eis
342 1428 485 1511 prosperi
509 1429 630 1493 itineris
653 1426 1027 1495 serenitatemiudulsit.
1077 1431 1145 1507 Qui
1166 1446 1239 1497 vota

85 1513 230 1575 cordium
246 1513 462 1578 oblationibus
479 1538 647 1579 munerum
662 1514 920 1580 commendando
935 1518 1124 1601 probantes,
1145 1518 1235 1585 Beati

88 1600 260 1665 Cutbberti
282 1600 475 1665 beneficium
493 1625 536 1665 ex
558 1601 730 1687 improviso
744 1600 790 1665 eis
811 1600 942 1667 dedisse
965 1603 1120 1669 meritum
1133 1620 1238 1691 gratu·

86 1688 201 1751 lautm.
251 1686 293 1749 Et
316 1688 470 1753 attentius
493 1712 527 1753 se
554 1688 673 1753 Fratris
695 1688 778 1751 illius
796 1690 1065 1755 commendantes
1079 1694 1235 1777 precibus,

86 1774 158 1837 vela
174 1774 276 1836 ventis
296 1789 475 1859 exponunt,
493 1798 590 1839 naves
611 1774 767 1861 Neptuno
789 1774 1009 1854 committunt,
1027 1791 1062 1843 et
1084 1791 1236 1845 antennas

83 1861 317 1945 emupediendo
328 1862 486 1937 irretiunt,
500 1862 633 1945 remigia
641 1886 719 1926 vero
729 1862 900 1948 adaequare
912 1861 1076 1929 insistunt.
1120 1866 1236 1931 Omnes

84 1948 181 2031 igitur
196 1948 292 2011 alacri
311 1972 405 2012 cursu
425 1949 686 2034 progrediuntur,
703 1964 735 2014 et
756 1946 907 2034 prospere
927 1972 994 2037 quo
1009 1951 1180 2017 voluerant
1193 1954 1236 2019 al·

85 2035 246 2100 labuntur.
295 2036 372 2099 Sola
398 2050 505 2101 tamen
533 2036 622 2099 naris
644 2036 709 2113 illa,
726 2036 759 2099 in
780 2038 843 2121 qud
865 2034 919 2099 fur
941 2038 1120 2123 sacrilegus
1145 2038 1234 2105 Beati

87 2122 258 2187 Cuthberti
275 2122 454 2200 exstiterat,
467 2124 535 2210 jam
558 2146 641 2208 pene
664 2123 765 2188 tribus
787 2122 963 2187 miliaribus
978 2124 1021 2189 de
1041 2126 1151 2191 Insula
1165 2149 1234 2191 curn

83 2210 216 2274 naribus
250 2209 375 2274 caeteris
406 2224 614 2295 processerat,
639 2211 697 2273 sed
732 2208 863 2273 ulterius
893 2211 1074 2294 procedere
1134 2213 1233 2279 euitus
1340 2224 1344 2271 :

82 2318 146 2359 non
162 2299 300 2362 valebat.
349 2296 447 2361 Navis
463 2298 558 2374 enim,
576 2298 617 2360 de
632 2297 719 2381 rupis
734 2318 834 2373 more,
850 2296 957 2361 stabat
972 2296 1105 2363 immob'
1148 2322 1231 2379 ,uec
1336 2342 1343 2361 .-

82 2384 175 2447 umlis
194 2385 309 2469 jactari
326 2384 438 2459 voluit,
457 2408 516 2448 uec
532 2384 681 2448 lluctibus
702 2382 822 2448 inflecti
836 2384 1026 2467 praevaluit3
1042 2386 1122 2473 quin
1136 2386 1231 2451 immo

81 2485 115 2535 et
138 2494 248 2536 tutunus
272 2471 412 2535 rrarrcleri
435 2472 655 2535 erubescendo
678 2470 854 2555 obstupuit,
874 2484 909 2533 et
936 2472 983 2533 vis
1005 2473 1232 2557 remigantium

81 2558 208 2623 devicta
223 2573 319 2644 atque
343 2558 455 2622 ‹lelusa
477 2558 643 2622 emarcuit.
690 2558 839 2621 Tandem
860 2556 944 2621 hanc
959 2558 1081 2623 divinae
1102 2560 1231 2625 ultionis

81 2644 150 2709 fore
174 2660 402 2729 cognoscentes
425 2645 669 2729 experientiam,
686 2657 720 2707 et
742 2644 803 2708 hoc
825 2643 1033 2717 advertentes
1048 2646 1231 2732 provenisse

81 2735 126 2796 eis
143 2756 206 2795 non
225 2756 282 2818 per
298 2734 392 2796 maris
408 2746 532 2795 naturm
548 2732 705 2807 debitum,
722 2732 779 2795 sed
802 2744 933 2816 propter
948 2732 1086 2817 alicujus
1101 2734 1231 2799 offensa
1334 2750 1337 2763 '

80 2820 252 2903 piaculum,
278 2821 386 2882 statim
409 2833 510 2882 sortes
529 2820 665 2902 jaciunt,
690 2833 723 2881 et
746 2840 805 2903 pro
827 2818 973 2903 praedicti
989 2822 1052 2883 viri
1066 2820 1163 2905 culpt
1176 2844 1230 2886 eos
1333 2882 1336 2913 ἰ

80 2909 126 2971 ita
141 2908 242 2970 teneri
259 2920 355 2992 atque
372 2905 480 2970 deludi
504 2918 712 2987 cognoscunt.
762 2905 828 2978 Qui
849 2905 990 2989 lapidem
1006 2906 1099 2971 illum
1120 2920 1230 2973 acuto-

78 2995 161 3057 rium
176 3016 284 3057 coram
298 2993 443 3078 protulit,
460 3007 494 3056 et
509 3005 624 3055 cuneta
638 2992 821 3076 profitendo
835 2994 882 3055 eis
896 3014 1076 3075 exponam,
1098 3014 1161 3079 pro
1181 3016 1231 3059 re-

79 3095 134 3145 atu
151 3104 209 3144 suo
224 3081 353 3144 l'uuibus
370 3080 539 3163 colligatur
555 3091 587 3143 et
604 3080 701 3141 tertio
716 3078 872 3143 dimersus
886 3078 1040 3143 fluctibus
1055 3080 1229 3145 relevatur.

81 3168 154 3233 Tali
170 3169 299 3254 quidem
316 3168 439 3231 ultione
455 3166 595 3230 debebat
611 3164 714 3249 culpoe.
729 3188 840 3250 poeuas
855 3166 1036 3244 exsolvere,
1053 3188 1230 3254 quemcun-

77 3277 141 3341 que
158 3257 191 3317 in
207 3256 315 3341 aliquo
327 3254 498 3339 deliquisse
508 3252 601 3315 sortis
614 3264 729 3315 natura
740 3254 897 3337 potuisset
908 3252 1105 3335 culpabilem
1115 3254 1230 3339 depre-

78 3342 232 3406 hendere.
282 3341 368 3414 Quia
390 3343 488 3424 igitur
512 3340 568 3403 tali
591 3339 713 3403 ultione
740 3339 845 3403 Beato
862 3338 1048 3403 Cuthberto
1069 3340 1228 3425 putabant

77 3428 274 3492 satisfactum
290 3428 397 3504 luisse,
412 3432 529 3492 iterum
545 3440 579 3489 et
594 3426 691 3489 tertio
706 3438 876 3510 coeperunt
890 3426 1041 3489 omnibus
1056 3426 1179 3491 viribus
1193 3440 1227 3491 et

77 3516 363 3579 instrumentorum
379 3512 669 3578 machinationibus
685 3535 799 3576 navem
815 3512 963 3595 urgendo
974 3512 1154 3597 impellere,
1167 3536 1227 3579 uec

77 3614 186 3666 tamen
202 3624 272 3665 eam
288 3602 491 3687 aliquatenus
507 3601 548 3665 de
563 3600 636 3663 loco
647 3613 798 3682 poterant
808 3621 969 3664 amovere.
1016 3598 1112 3663 Tunc
1123 3603 1228 3665 omni·

76 3688 184 3753 busin
201 3712 371 3752 comnmne
394 3688 587 3772 complacuit
603 3699 638 3750 ut
662 3686 703 3748 ad
730 3687 883 3761 Insulam,
904 3686 1024 3749 Sancto
1042 3686 1227 3751 cuthberto

76 3776 246 3839 miserante
277 3790 310 3838 et
339 3776 546 3859 permittente
576 3772 731 3848 redirent,
764 3786 797 3837 et
832 3774 936 3837 Beato
963 3794 1038 3857 quae
1063 3795 1124 3838 sua
1148 3772 1227 3839 fuis-

74 3875 147 3927 sent
179 3861 398 3927 restituerent.
460 3863 543 3926 Mox
575 3882 648 3924 eum
677 3860 758 3923 mira
787 3861 953 3925 celeritate
982 3857 1164 3937 redierunt,
1193 3873 1227 3927 et

77 3949 207 4027 Insulte,
232 3971 304 4034 quie
327 3950 530 4013 subtraxerat
555 3948 608 4011 ille
631 3948 844 4031 nequissimus
865 3947 1048 4011 reddidere.
1095 3945 1227 4033 Nempe

78 4035 182 4099 Beato
214 4037 397 4100 Cuthberto
426 4060 493 4100 uon
523 4048 592 4100 erat
627 4033 754 4096 difficile
786 4057 883 4098 nares
914 4036 947 4097 in
976 4032 1057 4097 mari
1086 4034 1227 4099 mobiles

75 4122 126 4185 rel
167 4122 355 4199 immobiles,
395 4124 473 4187 dum
505 4124 535 4187 ei
573 4122 741 4206 placuerit,
778 4124 837 4186 sub
876 4122 1042 4185 celeritate
1083 4120 1227 4187 efficere.

76 4207 171 4284 Nam,
188 4210 268 4272 sicut
285 4211 383 4273 iubis
405 4213 643 4296 comprobatur,
662 4207 777 4281 ventis,
803 4211 950 4285 navibus,
967 4219 1000 4273 et
1023 4207 1174 4292 imperat,
1192 4222 1228 4275 et

73 4296 163 4370 mari,
189 4308 220 4359 et
244 4298 401 4361 obediunt
424 4297 465 4360 ei.
522 4295 626 4361 Fratri
651 4297 750 4380 igitur
773 4295 836 4371 fur,
860 4295 948 4383 quod
974 4295 1058 4359 clam
1080 4296 1226 4375 sustulit,

69 4402 178 4447 coram
192 4382 344 4461 retliddit,
361 4396 393 4447 et
409 4383 442 4446 in
454 4384 600 4449 omnibus
615 4384 730 4468 quibus
746 4384 853 4465 potuit
868 4382 1054 4447 confitendo
1067 4380 1229 4451 delictum
