2924 4966
153 344 224 409 132²
503 352 720 403 aecusator
751 352 937 403 nossent

149 518 273 583 cunetis
295 538 402 579 coram
426 538 460 578 sc
476 514 610 591 eductis,
627 514 717 577 mirae
736 514 951 579 multitudinis
974 514 1106 599 praedas
1123 510 1300 588 effecerant,

150 630 224 671 eum
240 604 347 667 omniu
365 603 397 664 in
420 624 517 664 uuum
540 602 734 685 conglobata
755 601 933 665 minabant.
981 600 1062 665 Non
1085 602 1187 685 longe
1202 600 1301 665 verbi

152 692 262 756 villulis
284 688 438 775 proedictd
461 688 646 771 progressis,
664 700 755 751 tanta
768 688 869 752 moles
888 688 1014 772 soporis
1037 710 1099 773 per
1114 687 1255 772 singulos
1267 685 1304 749 ir·

152 779 228 854 ruit,
267 776 333 839 uod
355 776 410 838 vix
426 797 538 838 eorum
560 774 672 859 aliquis
696 774 729 837 in
743 774 920 860 equitando
938 774 1110 839 continere
1134 771 1303 859 proevaluit.

158 866 196 929 In
208 800 412 926 rniiltitudine
428 861 525 945 igitur
538 862 716 937 numerosd,
730 874 764 925 et
780 862 874 925 turbis
888 860 996 925 loricis
1011 861 1184 960 galeisque
1195 858 1306 925 armati

155 950 322 1015 fidentiam
336 949 503 1023 habentes,
518 947 550 1009 in
560 947 662 1011 vicina
677 947 778 1011 insula
792 947 935 1033 undique
950 970 1113 1033 aquarum
1129 946 1305 1031 1rrigatione

156 1037 306 1119 cingente
322 1036 432 1110 relluil,
449 1035 557 1097 omnia
571 1034 720 1097 animalia
733 1047 768 1097 et
782 1033 935 1119 quaelibet
949 1034 1123 1119 pravitatis
1139 1056 1208 1097 suae
1228 1032 1308 1097 lucra

157 1145 308 1208 perversa
330 1121 537 1197 collocarunt,
558 1120 665 1206 ibique
684 1121 766 1205 jocis
788 1134 822 1185 et
845 1120 977 1205 crapula
998 1120 1220 1197 lascivientes,
1234 1136 1309 1182 mar·

157 1223 267 1273 centes
290 1208 409 1271 animas
432 1210 648 1290 sompniorum
670 1207 791 1271 inertiis
812 1207 1011 1271 relaxarunt.
1060 1207 1186 1271 Totam
1209 1218 1309 1270 tamen

158 1295 293 1357 insulam
319 1294 564 1392 circumquaque
586 1294 688 1357 milite
710 1306 833 1357 armato
848 1294 1061 1370 vallaverant,
1087 1293 1178 1379 quia,
1203 1304 1310 1378 praeter

159 1380 351 1465 sagittarios,
379 1402 564 1463 armigeros.
595 1394 629 1444 et
655 1380 791 1443 diversae
814 1380 946 1443 malitias
971 1379 1140 1445 ministros
1167 1379 1308 1465 reliquos,

161 1480 275 1566 quater
290 1466 401 1550 viginti
418 1466 555 1529 militum
574 1488 742 1531 numerum
760 1467 974 1531 excedebant.
1024 1466 1109 1544 Illic,
1125 1466 1210 1531 focis
1223 1486 1311 1551 agen·

161 1556 257 1629 tibus,
275 1554 417 1617 carnium
433 1553 560 1617 nidores
576 1554 787 1638 vaporabant;
803 1556 943 1617 verubus
958 1574 1035 1616 cum
1049 1553 1200 1617 carnium
1213 1550 1311 1616 frustis

161 1639 367 1725 vergentibus
383 1639 586 1724 fumigantes,
599 1642 722 1704 umbrae
734 1663 844 1704 aerum
854 1661 969 1705 serena
982 1662 1022 1703 ca
1036 1638 1043 1653 ⁹
1068 1640 1186 1717 abana
1201 1638 1312 1703 sonitus

164 1727 347 1792 saltantium
362 1739 396 1790 et
411 1726 525 1789 choros
541 1726 739 1791 concinendo
757 1727 944 1791 ducentium
965 1726 1096 1811 longius
1109 1740 1144 1791 et
1159 1724 1313 1791 confiniis

164 1814 413 1898 concrepabant3
430 1814 630 1898 quorundam
644 1814 723 1877 verb
737 1813 848 1879 lectuli
862 1816 921 1877 sub
936 1814 1052 1877 umbra
1065 1813 1186 1877 caloris
1201 1812 1313 1899 ignium

165 1924 199 1964 se
212 1900 339 1964 mixtim
350 1900 549 1984 vicissimque
565 1900 788 1985 componendo
803 1900 1038 1985 glomerabant.
1088 1900 1251 1965 Omnibus
1264 1898 1315 1962 de·

166 2010 254 2051 mum
269 1986 464 2051 ludicrorum
479 1986 649 2069 generibus
665 1986 813 2071 expletis,
827 2010 923 2071 sopor
936 1985 1145 2071 gravissimus
1161 1986 1197 2051 in
1212 2004 1314 2051 omnes

167 2072 278 2149 irruit;
294 2096 352 2136 nec
369 2096 449 2137 unus
465 2074 622 2157 superfuit
631 2073 687 2159 qui
702 2074 823 2158 torpori
838 2073 1085 2158 sompnolentioe
1100 2096 1169 2137 non
1183 2072 1317 2137 indulse-

167 2161 220 2224 rit.
268 2160 368 2224 Fama
382 2160 520 2236 interim,
534 2160 637 2224 veloci
651 2160 786 2224 rumoris
801 2183 942 2237 cursore,
959 2159 1094 2223 auribus
1109 2158 1259 2245 praedicti
1272 2180 1317 2221 sa-

169 2246 309 2311 cerdotis
321 2246 472 2324 insonuit,
489 2269 562 2332 quae
578 2246 686 2310 omnia
699 2269 777 2311 mox
792 2246 902 2332 paucis
916 2245 1113 2310 rusticorum
1128 2258 1163 2311 et
1174 2246 1241 2311 suis
1255 2245 1316 2345 ipse

170 2332 297 2399 famulis
312 2333 490 2398 enarrando
514 2333 702 2418 propagavit
728 2334 792 2422 [vel
813 2332 1021 2483 divulgavit}
1068 2342 1091 2373 ‘⁴
1108 2333 1319 2419 Surgite”1n·

170 2421 282 2509 quiens
308 2431 330 2462 ‘⁴
344 2421 438 2507 quam
462 2420 565 2496 citids,
583 2433 617 2484 et
638 2420 808 2505 praedones
830 2432 967 2497 nostros,
1016 2432 1113 2483 aneto
1139 2420 1319 2485 Cuthberto

166 2510 314 2594 juvante,
342 2507 401 2592 ipsi
425 2506 702 2591 depraedamimur,
720 2518 818 2593 atque
840 2506 923 2571 solas
945 2505 992 2571 eis
1014 2506 1235 2593 relinquamus
1250 2505 1320 2569 vitoe

172 2596 352 2681 exsequias,
392 2593 425 2656 ui
448 2592 539 2656 nobis
560 2594 661 2657 nullas
684 2594 932 2658 substantiarum
947 2592 1015 2657 sive
1037 2614 1139 2678 opum
1160 2590 1320 2681 deliquere

172 2681 333 2768 reliquias.
371 2618 451 2744 tblec
467 2681 576 2743 subest
592 2680 710 2766 qnippe
728 2680 823 2744 Beati
835 2678 1008 2745 Cuthberti
1023 2679 1182 2765 potentioe
1197 2680 1232 2743 in
1246 2678 1322 2745 mul-

174 2770 214 2834 tis
227 2770 278 2833 vel
294 2769 326 2831 in
345 2768 453 2852 paucis
469 2789 526 2829 nos
542 2767 689 2831 liberare.
738 2768 857 2831 Sancto
876 2766 1058 2831 Cuthberto
1073 2766 1172 2845 enim,
1189 2790 1257 2831 non
1269 2788 1322 2829 no·

173 2856 234 2934 bis,
266 2853 468 2918 contumeliae
498 2853 706 2938 opprobrium
735 2854 946 2938 ingesserunt,
972 2864 1006 2918 et
1032 2852 1109 2918 ideo
1138 2876 1207 2917 non
1235 2850 1322 2917 nobis

175 2942 310 3028 gloriam
326 2940 490 3027 quaesituri
506 2964 561 3003 eos
571 2940 786 3025 aggredimur,
801 2941 859 3004 sed
878 2940 988 3007 Sancti
1005 2940 1182 3005 Cuthberti
1196 2938 1323 3005 honoris

176 3029 311 3115 gloriam
333 3050 390 3090 nos
406 3027 501 3090 morti
525 3050 583 3111 pro
599 3051 639 3091 eo
661 3027 856 3091 destinantes
879 3026 1113 3113 prosequimur.
1162 3026 1208 3091 Et
1230 3024 1324 3091 satida

177 3130 226 3181 est
242 3138 310 3191 nos,
328 3138 386 3200 pro
401 3114 495 3178 Beati
508 3114 679 3178 Cutlrberti
695 3136 815 3190 amore,
826 3126 963 3178 mortem
978 3113 1167 3178 sustinendo
1182 3134 1326 3179 succum·

176 3205 265 3279 bere,
283 3224 378 3288 quam
393 3200 489 3285 ipsius
504 3200 665 3264 inhonoris
680 3200 961 3265 subsannationem
973 3212 1006 3264 et
1021 3199 1167 3265 derisum
1188 3200 1224 3265 in
1238 3198 1326 3265 terris

178 3290 300 3365 audire,
314 3302 348 3353 et
360 3289 444 3353 mala
458 3286 565 3351 miseri
580 3287 690 3372 populi
704 3286 913 3351 mendicantis
929 3286 1049 3352 diutitls
1059 3286 1328 3373 congemiscendo

179 3376 319 3440 videre.”
368 3375 429 3452 Illi,
447 3387 483 3438 ut
505 3374 726 3438 arbitrandum
748 3386 808 3450 est,
824 3374 933 3437 divino
955 3372 1107 3438 instinctu
1129 3372 1327 3449 commoniti,

178 3486 257 3526 mox
278 3462 399 3547 praevio
415 3461 582 3525 sacerdote
604 3461 716 3538 secuti,
733 3483 843 3524 omnes
858 3460 1053 3525 dormientes
1067 3460 1282 3547 conspiciunt,
1297 3472 1330 3525 et

174 3551 243 3633 jam
258 3549 457 3634 pedetentim
472 3548 725 3633 progredientes,
746 3570 805 3612 nec
821 3547 912 3610 unius
930 3546 1039 3632 jugeri
1057 3550 1162 3633 majus
1176 3547 1264 3613 inter
1277 3568 1329 3611 eos

179 3634 354 3700 itinerandi
377 3636 514 3718 spatium
536 3635 746 3721 reliquerunt.
795 3634 961 3708 Quindeni
982 3656 1130 3713 numero,
1147 3634 1264 3699 addito
1284 3656 1331 3699 sa·

181 3722 325 3798 cerdote,
342 3721 488 3785 homines
511 3723 650 3798 fuerant,
668 3722 722 3808 qui
749 3721 782 3784 in
804 3719 988 3785 innumeras
1010 3720 1094 3785 acies
1117 3720 1331 3809 animaliaque

182 3808 334 3873 invadere
351 3807 584 3873 deliberabant.
634 3809 766 3872 Interim
786 3807 894 3892 igitur,
907 3808 1070 3871 rusticano
1084 3830 1177 3873 more
1199 3808 1333 3873 soevien·

182 3908 243 3972 tes,
267 3895 320 3959 alii
336 3917 455 3978 vangas
478 3895 681 3959 resarciendo
697 3918 791 3959 voces
814 3894 986 3958 stridentes
1001 3894 1162 3970 efferunt;
1185 3892 1333 3959 nonnulli

183 3981 262 4046 verb
276 3981 400 4066 ligones
416 3981 583 4046 hebetatas
599 3994 781 4058 exacuunt3
797 3981 842 4045 illi
856 3981 957 4045 fustes
972 3980 1152 4057 excidunt;
1168 3980 1224 4045 alii
1245 3980 1333 4067 palos

181 4067 321 4131 humeris
337 4080 566 4151 componentes
589 4068 768 4152 imponunt.
816 4068 1017 4132 Clamoribus
1032 4066 1191 4153 siquidem
1202 4066 1334 4133 diversis

183 4154 355 4217 frementes
368 4152 558 4218 insonabant
569 4178 577 4229 ;
594 4155 646 4217 alii
658 4154 808 4218 stridulos
818 4154 969 4219 dentibus
981 4154 1175 4219 chachinnos
1186 4154 1335 4219 infroena·

185 4239 282 4313 bant3
310 4240 353 4303 illi
381 4240 555 4304 ulutatibus
582 4241 843 4317 conclamabant3
870 4240 923 4305 isti
945 4240 1116 4306 horrisonis
1144 4240 1334 4305 tumultibus

185 4346 260 4390 aera
271 4325 528 4391 diverberabant.
577 4327 675 4391 Unde
688 4325 845 4407 animalia,
857 4329 986 4393 insolito
1001 4328 1134 4405 horrore
1147 4338 1181 4393 et
1198 4326 1334 4393 tremuld
