2924 4966
159 372 207 435 ts
515 390 727 439 nnomurn
759 390 962 443 nossent

159 570 233 609 nutu
244 564 303 609 cst.
334 548 468 611 luterius
477 550 633 635 siqnidem
641 565 816 615 concentus
829 550 1133 643 t·irttttisl:int0nat
1144 552 1229 641 quia,
1238 550 1285 615 nisi
1294 548 1315 615 it

156 649 283 697 secreto
298 634 406 699 devoti
432 638 569 719 pectoris
591 638 632 701 ad
655 636 807 700 noticiam
827 638 1047 723 prodeundo
1073 664 1145 707 non
1168 641 1314 705 choortat

161 720 259 793 (trucul
275 722 498 783 miraculorum
514 724 616 806 gloria
633 724 722 787 llcuti
741 724 926 789 Cnthberti
945 724 1167 792 declarando
1182 724 1314 811 exprimit,

156 822 187 867 ct
206 806 331 868 virturis
345 808 580 890 nntgniliccntia
589 810 730 894 perfecte
743 808 923 875 edocendo
936 814 1152 879 communit.
1199 812 1247 877 De
1259 834 1315 897 quo·

157 914 226 955 nun
243 894 402 977 pru-cipnr't
418 894 621 959 runltituditn·
634 897 693 959 hoc
709 894 924 982 qnodamodo
942 899 1091 979 enituit,
1110 900 1203 989 qnod
1216 898 1314 963 subditl

157 980 371 1063 descriptione
387 980 577 1061 cognitionis
592 982 709 1045 ellectu
725 994 837 1067 patere.
854 986 1084 1067 praevalebit.
1135 984 1312 1059 AEdtrardtu,

158 1066 206 1127 rir
230 1066 312 1127 idetn
339 1066 538 1143 scturahilis,
566 1068 701 1155 quddam
733 1068 825 1131 lleuti
854 1070 1050 1137 Cutltbcrti
1083 1074 1260 1137 festivitate
1281 1070 1312 1133 in-

156 1166 271 1227 stante,
293 1154 400 1216 ontuin
422 1154 463 1217 ud
482 1156 701 1219 sullicientiatu
728 1156 903 1239 prteparari
924 1156 1098 1238 instituit,
1118 1172 1156 1225 et
1179 1160 1221 1225 ad
1240 1158 1311 1243 ipsiu

157 1238 284 1299 lnntoris
322 1240 483 1303 cunudunr
522 1242 622 1305 nndta
659 1240 820 1327 impendia
857 1244 1106 1329 praecipiendo
1146 1244 1310 1331 composuit.

163 1325 264 1387 l'icini
283 1326 389 1411 itaqtn·
406 1344 437 1389 et
459 1328 571 1390 rernoti
594 1330 803 1413 undecunque
822 1328 1084 1409 confluxerant,
1103 1346 1154 1411 et,
1172 1334 1216 1397 ob
1240 1330 1309 1395 lleui

159 1412 329 1475 (ssuthhcrti
347 1414 474 1477 honoris
489 1414 635 1497 gloriam,
653 1416 761 1477 limina
780 1414 929 1478 ecclesiae
945 1416 1178 1483 innumeroso
1192 1417 1310 1483 mrdtitu·

156 1498 238 1560 «linis
261 1502 467 1583 congregatio
489 1502 668 1565 deterehat.
717 1500 799 1565 Nam
822 1522 887 1563 non
912 1514 986 1565 tam
1007 1504 1132 1569 clerici
1174 1528 1246 1569 uam
1258 1502 1309 1567 hiri

155 1587 362 1649 acciu-rebant
376 1611 384 1657 ;
408 1602 440 1649 et
454 1609 516 1649 non
529 1602 594 1649 tarn
606 1588 750 1651 ecclesio
764 1586 919 1651 interiora
933 1528 1203 1675 comprimendo
1217 1588 1310 1655 vestie-

157 1686 237 1747 rant,
255 1696 350 1757 qutun
366 1674 461 1736 etiarn
478 1674 584 1737 onnda
598 1675 680 1737 atria
702 1674 870 1737 exterioris
886 1674 1059 1759 cymiterii
1077 1678 1308 1763 adimplerent.

163 1756 300 1821 l'eractis
331 1760 469 1844 deniqne
492 1760 586 1823 sacris
618 1762 840 1845 mysteriorum
864 1762 1087 1845 sollempniis,
1116 1786 1183 1849 pro
1224 1764 1309 1827 Vene-

156 1844 244 1907 randi
276 1846 397 1907 honore
434 1846 605 1922 l‘outiticis,
637 1848 678 1909 ad
708 1844 890 1911 refectionis
921 1846 1042 1911 horam
1086 1846 1307 1935 circumpositis
1372 1903 1377 1915 .

156 1932 282 2007 mensis,
297 1932 526 1993 disemubcndo
538 1934 698 2007 hetantnr,
712 1947 745 1996 et
764 1934 834 1996 l)eo
845 1933 1028 2015 gratiarum
1044 1936 1239 2001 actionibus
1250 1956 1308 2021 per·

154 2016 275 2092 solutis,
298 2018 432 2079 Beatum
450 2018 664 2081 Cuthhcrtum
681 2020 712 2081 in
731 2020 870 2083 Domino
885 2040 984 2116 quam
1003 2020 1192 2105 magnific&
1206 2018 1307 2121 pmii-

154 2118 262 2167 cuntes
278 2118 479 2166 verurantur.
529 2106 594 2169 Sed
612 2104 687 2191 quia
706 2105 878 2169 multitudo
898 2126 1072 2169 innumera
1092 2106 1221 2171 diversi
1235 2104 1307 2171 ordi·

155 2190 201 2251 nis
217 2203 249 2252 ct
265 2190 367 2252 retons-
383 2207 620 2273 superrencrat,
635 2192 726 2255 sinnd
739 2192 838 2255 semel
849 2190 890 2253 ad
906 2212 1035 2254 mensas
1051 2192 1241 2257 consedere
1253 2212 1305 2255 uott

154 2288 312 2360 poterant,
329 2289 361 2338 et
387 2276 501 2339 iccirco
531 2278 752 2340 vicissitudinis
768 2276 948 2340 immutatio
963 2278 1158 2343 necessaria
1178 2278 1304 2353 exstitit,

152 2362 227 2449 quia
253 2362 495 2425 suceedentibus
519 2362 598 2437 aliis,
616 2377 649 2426 et
676 2364 863 2428 cedentibus
886 2361 973 2445 prius
999 2362 1168 2442 admissio,
1185 2362 1305 2429 minoris

152 2448 398 2532 importunitatis
421 2449 622 2512 vehementia
641 2452 687 2537 [r'n
704 2456 843 2532 ntorqr‘ne
865 2448 1088 2547 inelementia]
1118 2450 1196 2515 fuit.
1244 2448 1305 2513 Nee

152 2550 259 2599 tumen
285 2557 375 2597 mora
398 2535 529 2597 diutinoe
555 2536 714 2598 dilationis
739 2536 918 2609 effluxerat,
943 2546 978 2597 et
1003 2556 1098 2619 panrs
1125 2536 1248 2601 mensis
1263 2536 1306 2625 [t'tt

151 2643 250 2702 marp.
267 2644 361 2704 super
387 2621 525 2706 mensas]
548 2622 711 2684 edentium
734 2621 916 2685 deficiebat.
964 2618 1116 2705 Dupifer‚
1140 2620 1305 2707 Gospatri·

151 2730 206 2771 cus
221 2706 360 2782 nornine,
378 2708 431 2793 qui
455 2708 557 2770 adhuc
574 2722 729 2791 superest,
751 2708 792 2770 ad
815 2706 1012 2791 promtuaria
1032 2720 1228 2795 caeteraque
1243 2730 1305 2771 om-

151 2794 204 2856 nia
220 2793 289 2856 loca
304 2794 361 2856 sibi
378 2794 550 2857 secretiora
564 2794 711 2870 accurrit,
729 2796 785 2857 sed
809 2794 927 2857 diutius
951 2792 1172 2875 explorando,
1189 2794 1305 2859 omnia-

150 2902 213 2965 que
240 2879 463 2962 circumposita
484 2881 673 2955 evolvendo,
691 2881 787 2943 nichil
810 2880 936 2964 penitus
960 2876 1106 2942 invenire
1133 2878 1304 2963 praevaluit

150 2965 237 3052 quod
253 2964 428 3048 hospitibus
445 2980 639 3049 anteponere
662 2966 778 3049 potuit.
828 2965 992 3052 Siquidem
1009 2964 1080 3048 jam
1104 2966 1304 3053 omniaque

152 3052 240 3137 panis
256 3065 345 3113 erant
362 3052 512 3115 rdimenta
533 3055 600 3136 jam
616 3054 710 3137 plene
726 3054 929 3127 exhauserat,
946 3062 979 3113 et
1006 3050 1039 3111 in
1065 3048 1238 3201 hosffium
1252 3050 1305 3115 ali-

151 3138 264 3202 moniis
291 3138 463 3200 dividendo
490 3138 690 3223 disperserat.
753 3138 793 3202 ltt
818 3153 925 3203 ttunen
952 3135 1047 3199 turba
1074 3136 1129 3201 nic
1155 3138 1304 3203 'ominus

151 3225 251 3307 magis
278 3225 440 3309 magisque
467 3241 678 3303 succret'erat,
696 3238 729 3288 et
747 3226 815 3309 jam
839 3225 970 3309 panibus
993 3221 1226 3289 deficientibus
1252 3246 1305 3289 aua

151 3334 245 3376 nomn
261 3310 441 3374 alimoniam
461 3313 652 3394 postulabat.
701 3312 836 3375 Videres
856 3310 1087 3375 tumultuantes
1107 3311 1225 3375 turbas
1240 3334 1305 3375 ura·

151 3421 209 3461 nus
232 3398 418 3473 extendere,
444 3398 571 3461 nutibus
591 3399 750 3483 dapiferos
774 3398 938 3473 accersire,
958 3394 1137 3458 Dominum
1151 3395 1306 3463 AEdwttr·

151 3487 227 3549 dum
242 3484 437 3547 Monachum
449 3484 638 3550 clamoribus
651 3499 684 3548 et
697 3508 811 3547 vocum
824 3483 1010 3547 stridoribus
1022 3481 1217 3565 impetendo
1232 3506 1305 3569 pos-

151 3573 264 3636 tulare.
313 3572 356 3633 At
372 3570 424 3634 ille
452 3571 563 3634 anxius
591 3595 633 3635 ex
656 3572 779 3647 dolore,
797 3570 1017 3654 gemebundus
1032 3566 1122 3631 luctu
1143 3570 1257 3633 cordis
1272 3582 1305 3635 et

151 3658 359 3734 desolatione,
376 3672 409 3720 et
424 3680 491 3742 proc
507 3659 652 3721 omnibus
668 3680 710 3721 ex
725 3658 822 3720 nimio
838 3654 1040 3721 verecundiae
1055 3654 1194 3737 pudore,
1212 3656 1306 3741 dapi-

149 3747 253 3809 ferum
268 3767 359 3807 snum
386 3744 484 3807 semel
510 3759 542 3809 et
564 3745 704 3808 secundo
726 3744 878 3829 pracepit
898 3740 1077 3807 festinando
1098 3740 1241 3823 ingredi,
1271 3754 1306 3807 et

151 3832 257 3896 omnia
271 3854 343 3917 qnae
370 3831 411 3893 ad
440 3854 529 3894 esum
554 3829 733 3895 necessaria
762 3830 888 3893 fuerant
918 3826 1091 3913 exportari.
1152 3826 1307 3893 Contris-

152 3930 236 3981 tatus
269 3917 393 4002 dapifer
419 3940 514 4002 snper
541 3919 693 4002 tegulam,
722 3940 795 4002 quae
833 3916 864 3978 in
898 3912 1117 3999 promptuario
1151 3914 1305 3979 trabibus

152 4017 220 4067 crat
242 4004 452 4088 superposita,
477 4028 573 4090 quam
594 4006 686 4068 citius
707 4003 860 4078 ascendit,
878 4015 911 4065 et
932 3999 1050 4063 diutius
1072 4021 1223 4097 quaerens
1252 4014 1301 4081 et,

152 4090 258 4153 omnia
272 4104 430 4166 avertem,
447 4091 544 4155 nichil
561 4090 692 4154 omnino
708 4090 838 4152 invenit.
886 4087 1024 4150 Difficile
1043 4086 1174 4171 qurdem
1189 4086 1305 4153 fuerat

152 4174 193 4237 de
208 4175 324 4239 nichilo
341 4177 441 4240 multa
455 4178 650 4261 expendere,
664 4190 698 4240 et
713 4177 753 4238 de
770 4176 876 4260 aliquo
888 4173 995 4237 onmia
1010 4172 1162 4235 invenire.
1189 4172 1307 4239 Nichil

153 4266 271 4324 etenim
295 4262 412 4347 aliquid
438 4265 581 4349 proferre
608 4285 672 4324 non
697 4262 814 4346 potuit,
843 4274 875 4323 et
906 4260 1025 4345 aliquid
1055 4259 1230 4323 extrahere
1258 4262 1305 4327 de

154 4344 268 4410 nichilo
295 4370 358 4411 non
384 4348 512 4413 humani
540 4347 660 4431 negotii
685 4371 764 4431 opus
783 4347 854 4409 fnit.
904 4346 1001 4410 Unde
1021 4343 1146 4428 dapifer
1160 4368 1243 4410 mox
1258 4348 1306 4413 ad
