2924 4966
401 465 409 482 ·
467 405 646 454 nuaram.
668 405 978 468 murmuravere.
1247 392 1297 470 57

154 655 253 719 CAP.
271 655 341 716 XX
344 655 496 718 VL-De
516 656 609 718 Beati
626 656 782 718 cuthberti
802 658 935 736 plorebao
956 659 1056 737 capite
1070 666 1101 719 et
1116 659 1298 737 capillorum

241 746 360 816 virtute,
377 745 455 804 etde
470 744 598 804 mustela
612 765 680 823 quer
701 745 870 822 sepulcrum
885 745 972 805 illiue
992 746 1072 806 clam
1092 747 1213 806 introiit
1224 754 1254 806 et
1267 749 1301 806 in

240 851 273 891 eo
297 831 504 909 nidificaverit
515 851 527 900 ;
557 838 586 891 et
608 833 755 910 quomodo
776 833 852 909 pira
879 831 1041 911 Confesaor
1067 832 1155 893 illam
1178 833 1300 912 auferri

239 919 439 990 maraeaduverr't,
456 937 509 978 nee
523 924 702 978 tamencum
716 919 790 979 laedi
798 920 984 996 permiserit.

201 1088 358 1152 Confiteri
374 1101 407 1150 et
422 1088 553 1151 laudare
581 1088 718 1152 Beatum
745 1088 960 1152 Cuthbertum
983 1090 1075 1153 nobis
1098 1088 1257 1166 convenit,
1276 1090 1301 1152 si

153 1173 250 1258 ipsius
266 1174 307 1238 de
326 1175 460 1260 justitiae
476 1175 597 1238 indiciis
614 1188 646 1238 et
667 1173 862 1239 mirabilibus
886 1175 1044 1239 miraculis
1059 1176 1214 1240 memoria
1228 1199 1302 1239 nos·

154 1274 205 1325 tra
230 1263 318 1326 recte
344 1262 545 1326 considerare
569 1262 717 1326 voluerit.
765 1261 850 1325 Nam
874 1262 1030 1326 confessio
1053 1265 1122 1349 ejus
1140 1263 1301 1327 sanctitati

154 1361 188 1412 et
218 1349 339 1425 virtuti,
365 1351 433 1412 laus
459 1349 556 1434 ipsius
580 1350 692 1433 gloriae
718 1349 867 1413 convenit
891 1363 924 1413 et
947 1349 1072 1413 honori.
1131 1349 1301 1414 Sanctitati

153 1434 250 1520 ipsius
274 1435 430 1499 confessio
456 1437 616 1514 convenit,
644 1459 717 1522 quae
743 1436 874 1499 infirmis
900 1436 957 1499 dat
971 1436 1131 1521 sospitatis
1146 1437 1302 1512 salutem3

153 1522 274 1598 virtuti,
292 1545 365 1609 quae
380 1523 572 1607 pauperibus
588 1523 722 1588 exhibet
737 1522 943 1587 abundantiae
958 1523 1209 1607 plenitudinem;
1232 1525 1302 1608 glo-

152 1609 220 1686 riae,
249 1633 322 1696 quae
348 1610 480 1674 miseros
502 1610 649 1694 perducit
664 1611 706 1673 ad
720 1610 810 1694 regni
825 1609 1081 1686 beatitudiuem3
1104 1609 1228 1687 honori,
1246 1612 1302 1696 qui

153 1695 250 1781 ipsius
265 1698 386 1760 meritis
402 1697 537 1775 confert,
554 1721 618 1760 non
634 1720 693 1781 pro
705 1697 837 1773 mentia,
850 1719 1001 1760 coronam
1013 1710 1144 1761 aeternae
1155 1720 1303 1761 remune-

153 1784 294 1847 rationis,
358 1784 436 1870 Ejus
467 1785 627 1848 sanctitati
664 1784 805 1870 quisquis
834 1806 900 1846 non
930 1783 1077 1847 exhibuit
1106 1784 1301 1848 obedientiae

153 1871 377 1948 reverentiam,
402 1895 498 1958 quam
521 1872 635 1956 saepius
659 1871 825 1934 emeritam
840 1871 971 1934 incurrit
986 1871 1106 1935 debitae
1117 1893 1222 1956 poenae
1235 1871 1302 1933 vin-

154 1957 283 2021 dictam.
343 1957 427 2021 Nam
451 1959 496 2021 nil
519 1959 689 2022 facinnoris
716 1959 748 2021 in
773 1981 812 2021 eo
837 1958 994 2022 committi
1015 1958 1134 2042 potuit,
1159 1958 1247 2044 quod
1270 1957 1302 2020 in

154 2045 282 2108 occulto
306 2045 445 2128 contegi,
476 2058 509 2109 et
535 2068 600 2108 non
623 2045 715 2109 citius
738 2045 898 2130 propalari
920 2046 1073 2129 potuerit.
1125 2045 1198 2108 Hoc
1222 2067 1302 2129 opus

154 2131 359 2215 negligentiae
371 2131 403 2194 in
419 2132 571 2196 delictum
587 2132 741 2208 vertitur3
764 2132 852 2218 quod
867 2132 963 2216 ipsius
980 2132 1098 2196 virtute
1110 2132 1223 2216 gratiae
1238 2155 1303 2195 non

155 2218 247 2280 citius
262 2220 434 2282 revelatur.
460 2301 462 2303 ι
482 2219 567 2283 Nam
583 2220 608 2282 si
624 2220 774 2297 ferarum,
792 2233 825 2283 et
841 2232 936 2283 terrae
948 2218 1122 2304 reptilium,
1136 2218 1304 2282 commissa

156 2305 290 2389 detegit,
316 2320 405 2369 actus
427 2306 585 2370 malorum
607 2306 772 2370 hominum
787 2306 951 2392 quomodo
965 2328 1031 2368 non
1049 2306 1223 2370 revelando
1237 2328 1303 2369 non

155 2393 308 2477 protegit.
355 2392 426 2457 Nec
442 2394 561 2458 etenim
572 2393 699 2478 reptilia
710 2393 761 2457 vel
776 2393 854 2456 ferae
870 2391 990 2478 aliquid
1005 2393 1037 2455 in
1049 2416 1124 2456 eum
1137 2415 1304 2477 presump-

156 2479 221 2545 tive
250 2480 428 2564 transgredi
458 2493 622 2565 poterunt,
647 2481 735 2580 quod
763 2503 828 2543 non
852 2480 960 2544 statim
984 2493 1039 2543 aut
1061 2481 1156 2564 poeni
1179 2479 1304 2544 vindice

155 2567 206 2630 vel
233 2567 381 2631 humanae
407 2568 689 2642 animadversioms
712 2567 861 2651 indagine
888 2589 953 2630 non
977 2567 1158 2631 exsolvunt.
1219 2566 1303 2640 Quae

155 2652 303 2719 facillime
318 2655 473 2740 exemplis
488 2655 656 2741 probando
674 2654 886 2739 comperimus
901 2655 927 2717 si
949 2654 1045 2739 ipsius
1061 2665 1134 2718 acta
1148 2653 1305 2718 mirabilia

155 2742 367 2806 revolvamus.
415 2743 629 2827 Temporibus
652 2742 800 2829 antiquis,
820 2741 951 2828 quidam
977 2741 1126 2804 Elfredus
1152 2741 1304 2805 Westoue

156 2829 289 2892 exstitit¹
313 2832 368 2915 qui
391 2829 577 2893 admiranda
602 2829 780 2893 dilectionis
803 2828 907 2913 gratia
932 2828 1019 2912 apud
1046 2828 1184 2892 Beatum
1202 2828 1305 2893 Cuth-

155 2915 295 2994 bertum,
312 2917 440 3001 speciali
455 2917 669 3001 praerogativa
690 2916 819 2980 effulsit.
866 2914 953 2978 Nam
968 2937 1072 2978 seram
1087 2914 1183 2999 ipsius
1199 2915 1305 3000 sepul-

156 3002 202 3065 cri
224 3003 348 3087 aperire
364 3004 395 3066 ei
416 3003 551 3067 licenter
566 3017 599 3067 et
622 3003 751 3088 impune
773 3002 874 3079 licuit,
898 3002 1024 3087 quoties
1047 3002 1078 3064 ei
1099 3001 1203 3078 libuit,
1220 3002 1305 3064 circa

156 3111 232 3152 eum
257 3112 330 3175 quae
357 3090 458 3153 voluit
482 3113 686 3175 componere,
706 3103 739 3154 et
762 3112 836 3176 quae
859 3089 1062 3153 desiderabat
1084 3089 1125 3152 ab
1148 3112 1189 3152 eo
1211 3088 1304 3152 citius

156 3174 328 3260 impetrare
357 3176 537 3261 praevaluit.
600 3177 698 3242 Unde
730 3177 866 3240 traditur
895 3199 971 3240 eum
1000 3188 1100 3239 tantae
1127 3174 1304 3238 dulcedinis

156 3262 259 3346 gratia
273 3264 359 3346 apud
375 3263 478 3347 ipsum
494 3286 536 3326 ex
550 3263 772 3327 familiaritatis
787 3263 902 3326 notitia
916 3261 1120 3338 succrevisse,
1137 3263 1225 3347 quod
1239 3284 1307 3325 non
1403 3268 1406 3273 '

156 3371 319 3435 nunquam
331 3349 427 3433 ipsius
438 3350 610 3413 venerandi
625 3351 737 3435 capitis
752 3373 876 3414 comam
892 3349 1172 3434 supereffluentem
1187 3349 1305 3412 soleret

143 3436 322 3499 vtondendo
338 3436 525 3521 praecidere,
542 3437 673 3521 capillos
687 3437 814 3522 pectine
838 3438 980 3500 eburneo
996 3435 1170 3498 dividendo
1192 3447 1225 3498 et
1248 3435 1306 3499 de-

155 3521 297 3586 liniendo
313 3523 468 3599 emollire,
486 3523 660 3607 digitorum
675 3547 797 3608 ungues
812 3523 1027 3607 pulcritudine
1036 3522 1305 3586 rotundatdexci-

156 3609 246 3674 dere.
293 3611 379 3674 Hinc
394 3609 544 3673 nimirum
559 3610 683 3674 exstitit
698 3611 786 3696 quod
808 3609 967 3673 nonnullis
982 3609 1158 3673 amicorum
1173 3610 1214 3673 de
1230 3609 1305 3694 ipsis

141 3718 142 3723 ¹
155 3697 342 3782 capillorum
353 3696 591 3782 praecisionibus
603 3697 769 3782 superfluis
780 3697 973 3783 quandoque
983 3696 1107 3760 solebat
1122 3696 1304 3773 ostendere,

156 3798 200 3862 et,
218 3784 406 3870 experiendi
429 3784 542 3868 gratia,
559 3785 698 3848 accensis
722 3783 755 3847 in
779 3784 937 3848 turribulo
959 3783 1079 3866 prunis,
1096 3805 1171 3847 cum
1192 3783 1305 3858 forcife

155 3885 310 3956 argenteo
332 3895 429 3958 quem
455 3871 488 3934 in
513 3872 607 3956 hujus
630 3871 797 3935 ministerii
820 3893 899 3955 opus
923 3871 1086 3948 effecerat,
1103 3870 1135 3933 in
1158 3870 1238 3954 ignis
1261 3871 1308 3934 in-

157 3960 271 4024 cendio
287 3954 468 4025 videntibus
492 3959 613 4022 cunctis
637 3981 812 4044 exponere.
861 3959 904 4021 At
920 3958 1025 4042 capilli
1039 3980 1117 4020 mox
1132 3957 1201 4021 auri
1215 3981 1305 4021 more
1346 3959 1350 3965 “

158 4047 190 4110 in
215 4048 329 4112 mediis
353 4047 479 4132 ignibus
501 4047 686 4124 rutilabant,
704 4068 765 4109 nec
787 4045 951 4108 laesionem
973 4044 1038 4108 sive
1064 4044 1307 4108 diminutionem

157 4135 296 4221 aliquam
333 4134 576 4198 contrahebant.
639 4133 739 4196 Horae
776 4131 893 4196 deinde
931 4131 1129 4218 aliquantulo
1158 4132 1306 4218 perlapso

194 4335 204 4373 1
231 4339 266 4385 In
281 4324 391 4398 murrina
410 4351 486 4384 manu
505 4337 642 4387 recantare.
664 4331 787 4384 Elfredua
805 4332 937 4384 Westowe
954 4331 1023 4383 vixit
1041 4338 1156 4399 tempore
1175 4295 1312 4383 Edmundi¹

140 4416 142 4420 ’
160 4402 280 4471 Episcopi
293 4404 471 4469 [loto-1041]
486 4402 608 4453 Duuelm.
621 4404 687 4453 eirca
696 4405 754 4452 ann.
770 4402 842 4450 1⁰22.
1189 4421 1191 4424 >
