2924 4966
148 347 222 433 aab
499 363 714 415 arctarant
745 363 928 414 moriem
968 402 972 407 .

158 618 256 683 CAP.
275 617 538 696 CIL-Qualiter
555 617 671 682 Beatus
689 619 869 683 Catltbertns
878 621 912 681 ia
927 617 1029 681 inculti
1045 617 1170 681 Forncd
1184 617 1295 679 adom·

243 709 322 767 tanti
343 707 456 786 banniti
468 715 498 769 et
510 708 613 788 cupid
633 708 840 788 inexplicabili
860 708 1006 787 nequae
1024 707 1139 769 aonia
1160 708 1194 767 ia
1211 706 1297 767 domo

244 793 395 872 hospitum
416 798 616 875 apparuerit.-
638 803 668 858 et
688 796 792 875 cupid
815 815 903 857 mum
924 796 959 856 in
971 794 1126 876 fenestra,
1147 795 1210 876 qni
1232 794 1296 873 ipse

240 882 391 961 qnondam
405 891 607 959 minuerant,
619 884 769 946 reclinare
778 883 970 964 praemit,
985 889 1014 945 et
1035 884 1081 945 ita
1094 882 1193 945 abite
1206 899 1297 943 wira·

247 975 297 1029 tus
308 968 420 1050 suerit.
1116 1023 1119 1028 .

207 1138 317 1205 Justus
332 1154 368 1204 ut
390 1141 495 1226 palma
514 1143 641 1207 florebit
660 1143 691 1206 in
715 1143 812 1208 domo
830 1141 984 1220 ecclesiae,
1000 1140 1077 1229 quia
1091 1140 1174 1205 sicut
1188 1139 1301 1205 cedrus

168 1225 283 1291 Libani
298 1229 558 1315 multiplicabitur
569 1230 601 1294 in
613 1231 725 1296 aeterni
739 1230 895 1317 refrigerii
906 1229 1136 1294 consolatione«
1183 1228 1302 1292 Beatus

167 1313 263 1398 igitur
281 1316 487 1396 cuthbertus,
511 1341 553 1383 ex
568 1317 742 1383 sanctitatis
762 1343 828 1383 suae
845 1318 973 1405 justicii
987 1317 1127 1383 effloruit
1150 1315 1185 1380 in
1207 1317 1302 1379 domo

168 1403 351 1468 umversalis
367 1405 520 1484 ecclesia,
533 1406 608 1493 quia
623 1429 688 1492 prae
703 1405 901 1472 consortibus
917 1405 979 1470 suis
995 1404 1216 1470 admirabilem
1229 1405 1305 1468 bea·

169 1488 311 1554 titudinis
327 1514 475 1558 coronam
491 1493 668 1579 percepisse
684 1494 884 1580 conspicitur,
897 1493 981 1559 felici
997 1491 1152 1558 mercedis
1168 1492 1304 1555 donatus

170 1581 435 1645 remuneratione.
482 1579 567 1645 Nam
581 1581 669 1647 cedri
680 1581 840 1647 altitudini
854 1605 897 1647 ex
908 1579 1186 1667 contemplationis
1200 1577 1307 1643 multi·

171 1666 281 1756 modae'
299 1667 400 1752 gloria
421 1683 617 1756 coaequatur,
637 1683 670 1735 et
685 1693 728 1735 ex
743 1669 973 1756 incorruptibili
987 1668 1089 1734 carnis
1107 1666 1307 1733 beatitudine

172 1753 253 1817 illius
268 1768 390 1819 naturae
400 1772 489 1822 recto
501 1757 611 1822 ordine
621 1757 846 1824 consimilatur.
892 1757 1015 1827 Cedrus
1024 1756 1111 1821 enirn
1121 1753 1309 1821 naturaliter

174 1864 238 1905 non
265 1844 427 1929 putrescit,
453 1859 486 1909 et
512 1846 604 1910 Beati
630 1845 802 1910 Cuthberti
823 1868 898 1911 caro
921 1844 1168 1910 misericorditer
1192 1840 1310 1908 blanda

174 1931 311 2016 qnidam
334 1932 476 1997 florentis
502 1933 671 1998 dulcedine
696 1934 870 1999 renitescit.
918 1934 1055 1998 Omnem
1083 1932 1177 2018 hujus
1200 1929 1310 2016 gloriae

174 2018 407 2084 beatitudinem
421 2020 453 2083 in
465 2022 582 2106 angulo
591 2023 754 2107 cujusdam
765 2021 960 2106 perminimae
975 2020 1092 2086 Insuloe
1106 2018 1311 2106 adquisierat,

177 2128 250 2192 quae
265 2106 362 2171 etiam
377 2108 480 2173 adhuc
499 2110 629 2174 curandi
644 2110 794 2175 virtutem
815 2132 879 2173 non
894 2109 1053 2174 amiserat.
1099 2106 1186 2172 Nam
1208 2105 1241 2170 in
1262 2104 1315 2170 In·

179 2195 247 2258 suli
266 2195 377 2259 eidem
396 2195 580 2284 frequenter
595 2197 749 2262 virtutum
766 2197 918 2262 miracula
939 2196 1074 2282 perficit,
1091 2194 1146 2260 ubi
1165 2194 1314 2258 nimirum

181 2304 307 2346 omnem
331 2284 492 2371 quondam
515 2285 640 2349 virtutis
663 2284 797 2371 gloriam
823 2308 843 2350 a
871 2284 1000 2350 Christo
1025 2282 1211 2369 promeruit.
1262 2281 1314 2346 De

178 2377 317 2456 'quorum
333 2371 497 2436 innumera
507 2372 710 2438 multitudine
724 2374 785 2438 hoc
795 2396 892 2437 unum
904 2372 1043 2458 exempli
1057 2371 1159 2457 gratii
1173 2369 1317 2437 introdu-

183 2456 292 2536 cimus,
309 2477 345 2522 ut
360 2482 400 2524 ex
424 2460 518 2544 hnjus
542 2459 659 2525 indicio
677 2484 773 2548 quam
788 2484 865 2526 vera
885 2459 948 2525 sint
970 2472 1097 2538 oaetera,
1114 2480 1186 2546 quae
1201 2455 1319 2522 descri-

183 2545 260 2609 bere
283 2569 347 2610 non
370 2547 550 2626 sufficimus,
567 2548 718 2633 indagare
740 2550 906 2635 possimus.
954 2548 991 2613 In
1006 2547 1080 2612 villa
1101 2543 1317 2611 Laudocensis

185 2633 336 2718 regionis,
353 2658 425 2722 quae
443 2634 578 2700 Dunbar
593 2635 718 2715 dicitur,
734 2636 930 2724 quidamvir,
943 2658 1075 2721 magnus
1090 2635 1155 2699 fide
1170 2632 1228 2698 sed
1241 2655 1321 2719 pau·

187 2744 244 2807 per
270 2721 375 2786 nimiae
399 2722 594 2808 aegritudinis
620 2723 847 2803 imbecillitate,
867 2724 979 2789 diebus
1001 2722 1147 2788 moderni
1170 2719 1320 2806 temporis

188 2832 289 2895 nuper
312 2812 568 2876 conversabatur.
615 2811 676 2877 Cui
698 2813 869 2877 multarum
890 2811 981 2898 copia
1003 2810 1184 2875 divitiarum
1206 2807 1322 2873 nullius

189 2899 364 2963 dulcedinis
389 2899 623 2983 jocunditatem
647 2901 698 2965 vel
727 2901 889 2965 suavitatis
919 2899 1050 2985 alicujus
1076 2896 1323 2963 delectationem

189 3001 341 3073 praestare
355 3001 492 3071 poterat,
509 2987 584 3074 quia
597 2989 726 3052 morbus
742 2988 921 3053 incurabilis
937 2987 1034 3053 totius
1048 2986 1167 3051 doloris
1182 2984 1327 3050 multitu·

191 3075 298 3140 dinem
313 3090 346 3139 et
358 3074 549 3139 omnimodas
565 3075 768 3140 desolationis
783 3076 1064 3163 importunitatem,
1078 3073 1109 3139 ei
1119 3075 1188 3160 jam
1203 3085 1327 3158 tempo·

191 3163 278 3228 ribus
304 3163 410 3227 multis
431 3162 561 3226 diutinis
584 3187 624 3227 ue
647 3164 807 3245 intulerat.
855 3163 969 3250 Capud
990 3163 1075 3228 enim
1096 3162 1237 3227 habebat
1258 3159 1329 3224 din·

193 3267 287 3316 turno
302 3264 445 3334 tempore
461 3186 657 3335 languidum,
674 3275 716 3316 ex
731 3253 821 3337 cujus
836 3251 1087 3337 inoportunitate
1099 3248 1220 3314 doloris
1235 3269 1329 3312 omne

194 3340 224 3404 ei
236 3339 420 3403 substantiae
430 3339 596 3425 adquisitae
605 3339 804 3424 refrigerium
815 3339 1069 3404 commutabatur
1080 3337 1123 3402 ad
1133 3333 1329 3402 lamentandi

195 3426 394 3512 supplicium.
443 3426 559 3490 Omnia
573 3426 657 3491 enim
672 3429 815 3492 membra
837 3427 1073 3513 ingemiscendo
1088 3426 1329 3500 contabescunt,

196 3516 272 3579 dum
287 3515 382 3578 solius
398 3513 508 3598 capitis
524 3515 728 3579 sustentantis
742 3515 897 3600 regimine
917 3529 950 3580 et
969 3512 1182 3579 consolamine
1205 3509 1331 3612 protegi

197 3604 248 3668 vel
263 3601 385 3687 disponi
401 3624 464 3665 non
479 3616 620 3686 possunt.
669 3603 766 3667 Unde
777 3603 825 3667 vir
840 3603 903 3682 ille,
917 3603 1023 3668 multis
1038 3601 1164 3666 attritus
1180 3598 1333 3686 angustiis

197 3704 230 3754 et
251 3689 424 3768 doloribus,
449 3689 555 3753 omnia
576 3690 658 3754 sicut
676 3690 753 3754 fumi
773 3690 989 3756 evanescentis
1011 3712 1120 3754 auram
1143 3688 1333 3753 aestimabat.

200 3779 325 3859 Domus
341 3777 437 3862 igitur
452 3778 519 3862 ejus
534 3778 653 3842 cunctis
669 3778 835 3863 egentibus
850 3793 883 3843 et
905 3777 1078 3864 peregrinis
1093 3790 1164 3841 erat
1186 3798 1246 3861 pro
1262 3775 1335 3840 hos-

199 3865 273 3954 picii
286 3865 435 3950 tegmine,
450 3888 527 3948 opes
539 3866 615 3930 verb
630 3865 711 3929 illius
727 3866 917 3952 pauperibus
929 3865 1035 3929 multis
1049 3888 1108 3951 pro
1122 3863 1334 3930 subsidiorum

200 3953 427 4041 consolatione.
476 3953 603 4017 Vellera
622 3953 719 4039 ipsius
734 3954 961 4019 calefaciebant
980 3953 1139 4017 nudorum
1153 3964 1187 4017 et
1202 3948 1336 4037 algenti-

201 4066 255 4104 um
281 4042 402 4116 latera3
426 4039 547 4125 praedia
568 4063 644 4106 vero
666 4041 749 4105 illius
773 4043 913 4106 omnium
939 4043 1126 4123 miserorum
1150 4040 1336 4104 relevabant

197 4130 351 4194 ‘lamenta
398 4125 482 4191 Nam
497 4149 556 4211 pro
571 4130 627 4193 sub
640 4130 791 4194 facultate
804 4131 911 4195 multis
923 4128 1136 4213 indigentibus
1148 4127 1338 4192 vestimenta

203 4217 350 4294 emebat;
365 4229 397 4281 et
413 4213 516 4293 nudis,
534 4217 693 4301 orphanis,
706 4231 740 4281 et
754 4218 928 4303 peregrinis
943 4215 1128 4282 multotiens
1143 4214 1264 4281 cibaria
1277 4212 1339 4279 dis·
