2924 4966
162 360 236 435 268
513 375 729 427 anemium
758 375 942 432 mouscin

157 545 272 612 dombs
288 541 506 629 praescriptam
522 539 677 604 visionem
692 539 814 618 retulit,
831 553 865 604 et
880 539 978 604 obulo
994 540 1035 605 de
1050 542 1206 607 foramine
1221 544 1304 628 pari-

156 635 216 700 etis
232 646 373 716 arrepto,
391 631 470 694 duas
483 651 525 692 ex
535 652 575 693 eo
585 628 732 693 candelas
745 628 885 692 modicas
901 631 1108 714 comparavit.
1157 630 1245 705 Quas
1261 633 1302 696 ad

159 720 311 786 Finchale
327 720 425 783 ducta
439 716 483 781 ibi
498 716 626 794 obtulit,
643 716 700 780 sed
714 716 790 780 licet
805 715 868 780 illic
883 716 932 781 bis
944 717 1034 804 quasi
1049 718 1215 783 sanitatem
1232 743 1304 804 per-

157 823 291 894 ceptura
306 804 491 892 prociderit,
508 826 595 868 caeca
608 817 728 882 tamen,
747 817 782 868 ut
801 803 887 889 prius
906 803 1022 883 fuerat,
1040 805 1236 871 Dunelmum
1252 831 1303 871 re-

156 895 227 960 diit.
274 893 338 958 Die
354 893 481 958 iuterim
500 891 667 976 sollempni
689 891 925 977 Assumpcionis
949 894 1075 958 Sanctae
1096 894 1222 972 Mariae,
1240 896 1304 980 pri-

156 983 220 1047 oris
236 981 363 1046 visionis
387 1003 453 1044 suae
475 979 691 1056 reminiscens,
707 979 840 1044 fortuitu
857 981 898 1044 ad
921 980 1085 1046 ecclesiam
1102 982 1251 1060 deducta,
1269 983 1301 1046 in

156 1071 229 1136 loco
253 1092 317 1156 quo
342 1068 374 1132 in
401 1067 520 1131 visione
545 1065 631 1152 priirs
655 1065 716 1130 sibi
739 1068 931 1132 decumbere
947 1068 1014 1133 visa
1038 1069 1110 1146 fuit,
1127 1093 1161 1134 se
1185 1071 1303 1135 deduci

157 1156 322 1245 praecepit.
371 1154 453 1229 Quae
479 1176 557 1217 mox
582 1153 616 1217 in
639 1177 773 1220 excessu
799 1159 914 1220 mentis
930 1157 1055 1235 effecta,
1072 1157 1116 1222 ibi
1141 1158 1301 1243 procidit;

157 1244 370 1331 attollensque
390 1242 496 1306 vultus
516 1242 557 1306 ad
575 1244 750 1327 superiora,
767 1242 902 1308 eandem
921 1267 1048 1309 crucem
1071 1259 1103 1310 et
1125 1245 1301 1311 Dominum

157 1334 270 1399 Jesum
298 1331 461 1396 Christum
476 1329 647 1408 viventem,
674 1330 756 1394 sicut
779 1331 876 1416 prius,
893 1346 927 1396 et
943 1346 1123 1398 moventem
1142 1357 1176 1398 se
1192 1334 1300 1400 videre

157 1419 344 1506 promeruit.
390 1419 422 1482 A
437 1419 526 1503 cujus
545 1417 688 1482 crucifixi
706 1419 823 1483 dextro
837 1419 949 1498 latere,
971 1421 1121 1485 Sanctum
1140 1423 1301 1487 Cuthber-

157 1522 226 1573 tum
250 1507 284 1571 in
306 1507 419 1585 formal,
436 1507 499 1593 qua
514 1519 588 1570 ante
615 1528 689 1570 eum
704 1506 838 1585 viderat,
855 1508 1010 1593 conspicit
1027 1531 1061 1573 se
1076 1509 1300 1595 respicientem

157 1595 341 1673 consistere,
359 1610 392 1659 et
411 1596 501 1681 quasi
520 1593 649 1658 nutibus
670 1593 811 1659 Domino
826 1595 1023 1675 innuentem,
1040 1620 1098 1682 pro
1114 1599 1182 1683 ejus
1198 1599 1299 1664 salute

157 1682 331 1770 postulare.
378 1682 471 1746 Tunc
495 1682 550 1746 illa
564 1681 693 1746 vocibus
709 1683 810 1761 elatis,
828 1696 861 1748 et
887 1683 999 1769 palmis
1023 1687 1056 1749 in
1080 1686 1203 1750 sullime
1226 1711 1300 1772 por-

157 1771 263 1850 rectis,
281 1770 378 1855 coepit
400 1783 540 1834 astantes
564 1769 673 1856 populi
695 1783 838 1836 catervas
857 1774 972 1856 saepius
988 1795 1133 1851 exorare,
1150 1787 1247 1861 atque
1264 1789 1298 1839 ut

157 1882 216 1945 pro
231 1882 265 1923 se
289 1857 422 1922 Domini
437 1871 471 1921 et
497 1857 606 1922 Sancti
630 1859 801 1923 Cuthberti
822 1859 1024 1924 clementiam
1047 1862 1296 1946 interpellarent,

157 1946 356 2033 supplicare;
379 1945 498 2023 dicens,
523 1945 611 2010 “En
635 1945 810 2011 Dominum
833 1962 976 2011 nostrum
999 1949 1109 2014 Jesum
1137 1951 1299 2016 Christum

157 2048 281 2099 sursum
300 2035 331 2097 in
351 2034 413 2099 isto
435 2033 556 2118 pariete
572 2033 604 2097 in
619 2049 827 2099 sacrosanctae
846 2035 956 2100 Crucis
978 2036 1121 2121 patibulo
1136 2040 1300 2104 confixum

156 2147 193 2188 ac
210 2123 316 2187 vivum
332 2122 436 2200 video,
454 2134 487 2185 et
513 2122 664 2186 Sanctum
683 2122 896 2187 Cuthbertum
912 2147 933 2188 a
947 2124 1063 2189 dextro
1078 2125 1179 2190 latere
1201 2127 1298 2212 ipsius

157 2209 201 2275 ibi
224 2234 314 2275 secus
338 2210 510 2274 fenestram
533 2208 620 2274 illam
641 2210 795 2294 grandem
817 2210 951 2276 vitream
973 2215 1199 2278 consistentem
1223 2238 1299 2279 con-

156 2297 267 2382 spicio.
315 2297 412 2363 Unde
436 2310 469 2361 et
491 2319 550 2382 pro
572 2320 623 2361 me
638 2321 748 2385 quaeso
762 2298 876 2383 singuli
899 2299 1098 2379 intercedite,
1115 2316 1151 2365 ut
1178 2304 1298 2368 Sancto

159 2386 340 2451 Cuthberto
356 2385 536 2462 miserante,
553 2384 633 2449 sicut
655 2385 732 2449 mihi
753 2386 911 2471 pollicitus
926 2401 985 2466 est,
1002 2388 1110 2454 lumen
1132 2391 1297 2455 oculorum

155 2496 300 2537 meorum
322 2473 440 2557 possim
461 2471 634 2556 recipere.’'
681 2472 773 2537 Tunc
796 2497 907 2539 omnes
930 2490 963 2540 et
986 2475 1110 2562 singuli,
1131 2479 1297 2544 flectentes

155 2584 261 2646 genua
275 2573 309 2625 et
329 2560 498 2624 tundentes
514 2573 655 2644 pectora,
672 2583 712 2624 eo
727 2561 880 2625 attentius
899 2563 1045 2648 precibus
1061 2565 1214 2644 institere,
1231 2591 1296 2654 quo

155 2649 200 2713 illi
216 2646 362 2713 devotiiis
377 2671 471 2733 opem
487 2647 631 2712 conferre
646 2670 705 2733 pro
719 2671 812 2733 posse
827 2673 885 2714 suo
897 2650 1011 2736 singuli
1023 2652 1159 2717 volubre.
1194 2653 1296 2718 Deni-

155 2761 218 2824 que
233 2759 357 2800 nursum
371 2735 426 2800 illa
440 2736 472 2799 in
488 2749 605 2800 terram
620 2759 780 2815 corruens,
798 2751 832 2802 et
854 2737 898 2802 ibi
918 2739 1081 2826 aliquanto
1095 2741 1213 2806 diutius
1228 2743 1295 2806 hae-

154 2848 239 2904 renS,
257 2822 423 2889 novissime
440 2847 516 2888 sana
530 2823 689 2900 surrexit3
713 2838 747 2889 et
762 2826 927 2890 oculorum
941 2828 1060 2892 lumine
1075 2843 1217 2915 recepto,
1234 2833 1294 2895 cir-

154 2915 333 2999 cumposita
347 2935 482 2999 quaeque
498 2912 582 2978 clare
596 2913 773 2998 conspexit.
821 2914 928 3000 Atque
946 2929 982 2980 ut
1000 2917 1121 2981 cunctis
1135 2918 1234 2982 fidem
1248 2918 1295 2983 fa-

155 3015 254 3079 ceret,
281 3001 367 3088 quod
391 3000 499 3065 lumen
521 3001 687 3065 oculorum
703 3001 771 3086 jam
794 3001 936 3087 perfecte
958 3005 1161 3090 percepisset,
1186 3009 1294 3072 statim

155 3090 223 3155 siue
245 3090 325 3154 duce
341 3088 499 3164 surrexit;
522 3103 556 3153 et
571 3089 647 3167 sola,
665 3089 786 3154 cunctis
801 3102 873 3174 post
887 3090 975 3155 illam
989 3094 1236 3178 aspectantibus,
1253 3097 1295 3161 ad

155 3178 256 3264 ripam
274 3176 411 3242 fluminis
427 3175 602 3255 descendit,
616 3189 713 3264 atque
727 3177 865 3263 lapidem
882 3180 1093 3264 pergrandem
1108 3181 1140 3245 in
1155 3182 1295 3248 humeris

155 3279 348 3352 correptum,
369 3264 486 3329 exinde
508 3287 544 3329 us
567 3288 608 3330 ue
625 3265 668 3329 ad
690 3267 864 3330 anteriores
878 3267 958 3331 fines
972 3268 1127 3348 ecclesiae,
1144 3287 1294 3356 exporta-

155 3354 212 3419 vit.
260 3354 358 3419 Unde
376 3376 397 3417 a
415 3353 467 3416 die
489 3288 717 3417 illahactenus
739 3375 864 3438 semper
886 3353 969 3418 clarc
989 3355 1097 3421 videre
1113 3360 1304 3443 praevaluit,

154 3456 188 3508 et
203 3441 329 3506 visionis
341 3464 408 3506 suae
419 3440 565 3505 ordinem
576 3463 613 3505 ac
628 3439 819 3505 infirmitatis
831 3440 963 3506 diutinae
977 3443 1175 3529 languorem,
1186 3471 1293 3514 coram

159 3530 343 3616 Subpriore,
361 3552 398 3593 ac
424 3528 530 3592 multis
556 3528 706 3593 fratribus
721 3528 875 3608 ecclesiae,
892 3531 998 3595 multis
1013 3532 1043 3596 ei
1065 3533 1106 3597 de
1130 3534 1293 3601 Duuelmo

156 3619 372 3684 testimonium
386 3615 636 3703 perhibentibus,
648 3616 768 3681 retulit.
815 3615 941 3703 Nempe
957 3643 999 3684 ex
1014 3644 1078 3707 quo
1093 3623 1199 3707 puella
1214 3624 1296 3690 duo-

154 3707 266 3772 dennis
278 3705 412 3784 exstitit,
430 3728 555 3790 semper
569 3705 739 3769 caecutiens
753 3719 786 3769 et
798 3706 866 3770 visu
880 3708 1008 3773 turbata
1019 3709 1157 3787 exstitit3
1168 3711 1294 3777 duobus

153 3819 231 3861 vero
246 3795 334 3860 annis
349 3807 520 3882 antequam
536 3793 597 3858 ista
611 3792 641 3858 ei
657 3793 916 3878 comparuissent,
933 3796 1062 3862 omniuo
1077 3821 1163 3863 caeca
1177 3799 1249 3864 fuit.

155 4062 253 4127 CAP.
279 4060 518 4125 CXXIL-Dc
534 4079 634 4140 puero
650 4060 780 4142 quodam
794 4080 816 4122 a
829 4060 975 4125 demonio
988 4072 1120 4145 arrepto,
1136 4072 1166 4128 et
1182 4066 1295 4132 Soracte

487 4148 647 4213 Cuthberto
661 4150 814 4228 eripiente,
830 4149 958 4212 salomo.

200 4323 350 4402 Quidam,
370 4322 560 4408 juvenculus
583 4333 690 4399 aetate,
708 4319 751 4385 cis
774 4321 892 4385 flumen
917 4308 1005 4399 Wiri,
1025 4323 1057 4386 in
1081 4324 1291 4391 Dunelmensi

152 4413 335 4498 progenitus
350 4410 490 4489 civitate,
507 4408 676 4499 invigila
693 4407 877 4474 Nativitatis
897 4409 1076 4476 Dominicae
1090 4436 1111 4478 a
1126 4414 1293 4500 multiplici
