2924 4966
466 392 645 440 nunaunt.
675 391 876 452 nrannnus,
906 391 991 439 nrc.
1254 375 1304 441 53

152 556 287 638 rogabat
298 577 383 631 eum,
400 563 462 617 “tu
478 554 548 640 quis
564 555 632 628 es;”
643 554 779 618 scientes
791 552 975 629 certissime,
989 553 1071 616 sicut
1085 553 1151 637 ipse
1163 553 1304 637 praedix-

153 654 223 707 erat
246 642 302 718 eis,
319 641 396 728 quia
414 640 533 704 Beatus
553 640 751 704 Cuthbertus
767 650 826 704 est.
874 639 945 703 Nec
961 662 1052 704 mora
1067 639 1219 724 temporis
1235 641 1303 704 lon-

153 729 249 813 gioris
265 741 502 813 protraxerant,
525 739 558 790 et
574 750 649 790 ecce
667 729 737 812 jam
759 726 900 790 Insulam
919 727 961 789 ad
979 727 1137 792 Fameam
1155 729 1304 812 appropi·

153 829 297 892 averant,
329 828 363 879 et
395 814 649 878 Lindisfarneam
675 814 820 877 videntes
850 813 1053 891 Ecclesisam,
1084 836 1181 900 quam
1210 814 1303 879 citius

153 903 360 987 postmodum
376 902 408 963 in
418 901 525 964 littore
538 900 709 964 subsistere
725 924 759 965 se
772 900 934 963 videbant.
969 900 1089 964 Beatus
1104 924 1183 985 ergo
1202 902 1302 967 Cuth-

154 991 265 1054 bertus
280 989 386 1053 baculi
401 987 555 1071 regimine
572 987 746 1051 annitendo
762 1000 854 1051 utens
867 1009 926 1070 pro
937 987 1055 1072 palide,
1070 988 1210 1072 singulos
1223 1011 1303 1072 prae·

155 1077 241 1160 cepit
265 1099 338 1139 cum
354 1075 511 1139 mercibus
527 1088 561 1148 et
577 1074 737 1152 oneribus,
755 1097 828 1138 cum
850 1075 972 1138 retibus
988 1075 1081 1138 simul
1098 1088 1131 1138 et
1154 1075 1302 1159 piscibus,

155 1163 343 1248 caeterisque
359 1162 557 1238 utensilibus,
574 1163 617 1224 ad
631 1174 750 1225 terram
762 1161 912 1225 exeundo
922 1161 1061 1245 prodire.
1099 1161 1169 1226 Nec
1181 1163 1214 1226 in
1226 1163 1304 1247 ripae

156 1249 357 1334 superficiem
381 1248 563 1312 inundantis
587 1271 666 1332 opus
690 1261 759 1312 erat
779 1248 825 1312 eis
841 1248 988 1311 vadando
1004 1247 1194 1313 calcimenta
1208 1274 1306 1336 aqua-

156 1360 227 1401 rum
251 1359 294 1400 ex
320 1336 538 1421 profunditate
566 1336 782 1399 humectando
802 1335 917 1419 rigare,
935 1358 975 1398 eo
999 1335 1088 1421 quod
1110 1337 1198 1400 navis
1225 1360 1306 1422 pup-

156 1425 222 1508 pim
260 1423 379 1487 Beatus
413 1423 611 1488 Cuthbertus
644 1445 740 1506 super
774 1421 929 1486 siccantes
955 1422 1090 1485 harenas
1117 1422 1163 1487 ita
1191 1446 1307 1508 prove-

156 1511 265 1575 hendo
274 1510 455 1594 impulerat,
467 1510 554 1597 quod
564 1509 648 1573 sicco
662 1508 796 1592 vestigio
806 1531 916 1572 omnes
923 1510 992 1594 jam
1005 1509 1133 1592 prodire
1146 1511 1306 1576 valebant.

162 1598 205 1663 Et
220 1598 266 1661 ita
281 1597 385 1661 baculi
402 1597 450 1659 sui
459 1596 689 1660 sustentamine
704 1618 833 1679 proram
848 1595 890 1659 ad
900 1595 1064 1680 superiora
1071 1597 1191 1680 coegit,
1203 1598 1306 1664 donec

158 1684 265 1749 omina
279 1696 427 1748 extracta
441 1684 537 1748 fuisse
560 1683 740 1767 conspexit.
787 1681 859 1746 Nec
874 1682 935 1745 ista
949 1705 1015 1745 suae
1038 1682 1151 1766 pietati
1174 1686 1308 1751 suffece-

157 1785 240 1849 rant,
261 1771 339 1858 quin
361 1772 459 1834 immo
481 1793 595 1834 navem
619 1771 805 1833 dissolutam
832 1781 865 1833 et
891 1791 975 1853 pene
998 1769 1137 1851 pristinis
1159 1772 1309 1840 fluctibus

158 1858 357 1923 dimidiatam
372 1858 501 1922 funibus
516 1857 670 1941 praecepit
686 1857 827 1940 alligare,
845 1878 904 1919 nec
925 1855 1136 1919 allabentibus
1152 1859 1309 1926 fluctuum

159 1946 371 2010 alluvionibus
386 1945 471 2008 sorte
494 1957 602 2029 posset
626 1945 796 2008 excedere.
846 1944 929 2008 Cum
942 1943 1050 2006 omnia
1064 1943 1106 2006 ad
1129 1946 1310 2029 perfectum

159 2032 395 2118 perduxissent,
410 2032 503 2109 dixit,
520 2042 804 2095 “consummatum
814 2043 862 2094 est
868 2032 896 2104 ;’'
910 2042 943 2094 et
953 2030 993 2093 ab
1004 2031 1103 2093 oculis
1114 2054 1226 2096 eorum
1236 2058 1311 2100 eva·

160 2119 241 2196 nuit,
270 2132 303 2183 et
327 2119 360 2181 in
383 2118 487 2181 sinum
502 2118 621 2205 quietae
647 2117 828 2181 beatudinis
853 2137 886 2180 sa
909 2116 1043 2201 recepit.
1092 2117 1142 2181 llli
1165 2142 1244 2188 mox
1268 2125 1310 2188 ad

164 2206 267 2270 Farne
286 2207 427 2270 Insulam
438 2205 614 2281 redierunt,
626 2217 659 2268 et
678 2204 782 2268 Fratri
800 2204 1051 2268 Bartholomaeo¹
1066 2204 1213 2272 ininsula
1228 2231 1311 2293 prae-

151 2293 247 2360 dicta
262 2292 476 2369 heremitanti,
495 2292 706 2357 Dunelrnensi
721 2292 890 2368 monacho,
907 2292 977 2355 haec
993 2291 1099 2354 omnia
1113 2294 1309 2361 retulerunt:

162 2394 196 2444 et
215 2403 312 2466 quam
334 2380 443 2443 dulces
468 2380 670 2443 lacrimarum
693 2379 917 2443 inundationes
937 2400 1045 2442 coram
1076 2379 1179 2444 Beato
1208 2384 1312 2448 Cuth.

162 2469 257 2531 berto
273 2490 347 2530 cum
362 2466 487 2530 devotis
503 2466 717 2531 oblationibus
734 2465 931 2530 effuderunt!
981 2466 1062 2529 Haec
1078 2466 1176 2531 ctiam
1191 2470 1313 2536 Johan-

163 2577 218 2618 nes
234 2555 408 2618 monachus
424 2567 533 2619 noster
548 2567 682 2617 canutus
698 2553 790 2617 nobis
805 2553 926 2630 retulit,
939 2564 974 2616 et
989 2574 1023 2617 se
1038 2552 1108 2617 haec
1123 2556 1231 2620 omnia
1246 2571 1313 2622 tarn

163 2643 204 2705 ab
220 2641 293 2727 ipsis
304 2641 375 2704 viva
387 2664 477 2718 voce,
490 2663 587 2728 quam
602 2641 792 2705 sacramenti
808 2639 1026 2716 attestatione,
1040 2639 1170 2726 insuper
1184 2657 1219 2707 et
1237 2645 1314 2709 Fra·

154 2729 219 2796 ,tris
239 2728 468 2793 Bartholomaei
482 2727 638 2792 relatione
649 2751 683 2791 se
695 2727 810 2812 saepius
826 2727 952 2791 audisse
962 2738 995 2791 ct
1008 2727 1154 2792 didicisse
1167 2733 1313 2796 asseruit.

167 2816 230 2879 Hic
250 2816 370 2879 Beatus
389 2816 587 2880 Cuthbertus
610 2813 656 2877 illi
680 2813 812 2878 Domini
828 2815 906 2878 Jesu
926 2813 1080 2877 miraculo
1096 2817 1243 2901 congruit
1259 2819 1313 2884 ubi
1383 2831 1385 2836 ’

167 2902 339 2987 Discipulis
376 2914 448 2986 post
485 2915 623 2965 mortem
657 2901 784 2985 navigio
817 2899 1034 2964 laborantibus
1068 2901 1170 2982 affuit,
1205 2919 1238 2968 et
1272 2907 1315 2970 ad

165 3003 284 3053 terram
300 3011 373 3052 cum
388 2989 490 3053 salute
506 2988 647 3052 reduxit.

168 3250 268 3313 CAP.
293 3250 328 3311 X
330 3249 382 3311 XI
385 3249 625 3326 tz-Quomodo
646 3252 774 3330 quidum
794 3250 987 3330 Nepotatus,
998 3251 1070 3311 dum
1094 3270 1200 3314 nomen
1223 3253 1318 3317 Beati

255 3337 413 3399 Cuthberti
430 3336 617 3416 pery'uraret,
641 3338 739 3398 subito
762 3340 861 3398 visum
887 3339 1035 3410 amiserit,
1052 3345 1081 3397 et
1094 3340 1127 3397 ia
1149 3339 1318 3403 Ecclesium

253 3426 346 3485 tercio
360 3424 546 3503 supplicans,
562 3431 591 3484 et
604 3424 731 3485 ulterius
743 3424 798 3485 boe
812 3425 931 3484 nomine
942 3442 973 3485 se
988 3441 1047 3484 aon
1047 3423 1231 3502 juraturum
1240 3446 1318 3506 pro-

152 3571 155 3575 .
254 3513 384 3584 mittens,
400 3512 499 3571 visum
514 3513 668 3589 receperit.

216 3682 293 3745 Vita
326 3681 420 3745 Beati
451 3679 625 3745 Cuthberti
654 3679 836 3743 veneranda
866 3677 1012 3742 omnibus
1039 3692 1088 3742 est
1114 3682 1258 3746 amabilis
1286 3698 1320 3749 et

169 3768 333 3832 imitanda.
382 3768 425 3832 Bt
439 3781 561 3854 quanta
582 3767 622 3831 sit
645 3766 744 3830 virtus
758 3766 854 3851 ipsius
875 3765 1010 3828 nominis
1030 3768 1259 3850 comprobatur
1277 3795 1321 3836 ex

169 3856 293 3919 actibus
327 3855 554 3919 miraculorum
588 3853 684 3938 ipsius
720 3851 981 3938 praeclarissimis.
1029 3851 1159 3916 Nomen
1189 3857 1320 3942 quidem

174 3942 267 4006 Beati
292 3942 464 4007 Cuthberti
490 3941 545 4028 qui
572 3941 766 4026 perjurando
792 3938 974 4015 offenderit,
992 3938 1057 4002 Dei
1084 3938 1163 4003 iram
1189 3955 1223 4006 et
1252 3967 1320 4010 suae

170 4028 396 4114 indignationis
426 4029 580 4092 offensam
602 4027 745 4091 incurrit.
792 4026 882 4091 Deus
910 4025 1039 4110 etenim,
1056 4028 1168 4113 quanti
1191 4029 1321 4096 honoris

171 4116 241 4201 ejus
265 4138 381 4181 nomen
403 4116 490 4200 apud
509 4139 543 4179 se
564 4115 615 4193 sit,
633 4114 707 4179 satis
732 4113 883 4191 ostendit,
900 4113 978 4176 dum
1001 4134 1059 4196 per
1084 4136 1202 4179 nomen
1225 4117 1323 4204 ipsius

210 4276 218 4313 ¹
232 4278 256 4326 Α
268 4276 313 4327 life
325 4275 355 4327 of
368 4276 558 4327 Bartholomew
570 4291 629 4341 may
642 4276 674 4326 be
686 4273 765 4326 found
778 4274 804 4323 in
822 4273 868 4323 the
880 4273 961 4324 Acus
973 4272 1157 4331 Saucroauu,
1175 4279 1324 4348 containing

175 4345 251 4394 much
264 4347 366 4394 curicus
377 4343 542 4395 information
553 4343 663 4395 relative
674 4348 702 4395 to
714 4342 759 4393 the
772 4343 858 4393 Fame
871 4339 971 4392 Islands
983 4339 1032 4390 and
1051 4341 1126 4393 other
1142 4343 1227 4410 places
1238 4347 1266 4398 in
1278 4348 1324 4398 the

176 4412 261 4463 North
274 4409 304 4462 of
311 4411 440 4479 Englaud.
718 4494 739 4537 D
757 4479 775 4536 3
