2924 4966
155 348 228 418 288
506 358 721 410 secuuntur
749 356 932 411 nossent
1033 410 1037 417 ,

154 526 331 594 necessaria
353 525 522 611 deportare
545 536 787 602 consueverant,
803 546 914 590 omnes
936 522 1057 610 paritet
1077 522 1123 590 ad·
1141 523 1299 593 nundinas

154 619 195 683 de
222 615 367 692 Thresc,¹
394 613 521 698 majoris
545 612 622 677 lucri
646 611 759 696 gratia,
779 613 848 698 jam
870 611 1005 698 proiecti
1029 612 1166 679 fuerant.
1214 615 1300 680 Hos-

153 705 236 792 pites
260 702 387 788 insuper
406 723 502 787 quam
525 700 631 786 plures
654 699 695 764 de
719 699 903 788 longinquo,
926 699 982 766 die
1000 699 1069 786 ipso
1088 701 1298 784 advenerant,

154 807 188 857 et
213 791 337 855 diurnae
363 788 544 853 refectionis
569 788 681 852 horam
695 801 730 852 et
755 811 913 854 annonam
935 790 1055 875 pariter
1068 793 1298 876 expectabant.

154 878 328 944 AEstuabat
342 900 420 962 ergo
435 875 578 961 praedicti
602 875 706 940 fratris
722 889 844 961 pectus,
860 884 927 962 prae
950 876 1137 942 confusione
1152 878 1271 943 doloris
1285 904 1296 957 ;

154 966 306 1030 saeviebat
320 965 564 1051 circumquaque
576 963 783 1029 discurrendo
791 986 832 1028 ex
845 963 1047 1050 impacientid
1057 965 1297 1045 arnaritudinis3

154 1053 354 1138 discerpebat
366 1066 542 1116 marcentes
553 1050 650 1116 facies
665 1051 746 1115 livor
760 1051 887 1137 pallidoe
902 1052 1142 1139 desperationis.
1167 1053 1296 1141 Nempe

154 1143 197 1206 ad
215 1140 356 1226 hospites
371 1163 481 1205 carnes
496 1139 646 1204 emendas
661 1162 725 1203 non
748 1139 878 1225 reperit,
894 1139 1028 1205 fratrum
1053 1142 1295 1208 necessitatibus

154 1229 286 1317 piscium
300 1229 350 1293 vel
365 1250 499 1292 ovorum
513 1227 579 1291 sive
594 1226 772 1313 aliquorum
796 1226 978 1315 hujusmodi
993 1228 1122 1306 cibaria,
1138 1252 1295 1318 nusquam

155 1316 296 1382 invenire
312 1314 490 1402 praevaluit.
534 1315 669 1401 Jamque
682 1314 784 1379 missae
796 1315 982 1402 sollempnia
996 1316 1028 1381 in
1040 1317 1174 1382 ecclesia
1188 1341 1296 1405 coepe·

154 1418 227 1470 rant
241 1403 407 1481 celebrari,
423 1416 457 1467 et
471 1403 550 1467 hora
563 1402 743 1468 refectionis
758 1403 917 1468 ordinaria
931 1418 1075 1490 tempore
1090 1428 1234 1491 congruo
1248 1406 1296 1470 in-

155 1493 278 1559 stiterat
294 1490 458 1578 perurgeri
471 1514 480 1566 ;
502 1490 663 1577 fraterque
678 1490 731 1556 ille
754 1514 812 1592 per
827 1491 898 1556 loca
915 1491 1086 1594 singularia
1099 1492 1292 1573 decucurrit,

155 1582 278 1666 legatos
300 1580 432 1645 clientes
454 1600 512 1664 per
533 1578 712 1643 universam
734 1578 896 1644 civitatem
911 1580 1036 1646 curiose
1058 1581 1242 1662 transmisit,
1259 1596 1293 1647 et

156 1668 295 1734 officinas
316 1668 453 1752 singulas
469 1665 592 1731 curiosa
618 1666 859 1752 investigatione
879 1667 1102 1753 perlustrando
1121 1670 1292 1754 peraravit.

159 1756 329 1843 Nichilque
345 1755 475 1820 omnino
490 1754 673 1831 inveniens;
693 1754 819 1840 dejecta
838 1757 982 1821 moeroris
1000 1755 1082 1821 facie
1097 1757 1225 1821 claustri
1245 1757 1294 1822 in-

156 1845 275 1910 teriora
299 1843 407 1921 subiit,
426 1857 460 1908 et
486 1843 610 1907 nutanti
634 1842 716 1928 pede
740 1842 958 1929 progrediens,
975 1844 1128 1909 exteriori
1151 1845 1291 1932 corporis

155 1948 247 2018 gestu
263 1945 297 1997 et
311 1931 433 2009 habitu,
449 1930 605 1995 interioris
621 1930 806 2016 dejectionis
826 1930 964 1996 animum
980 1944 1013 1996 et
1038 1932 1161 1996 vultum
1180 1947 1293 2019 paten-

156 2035 205 2085 ter
220 2019 371 2086 ostendit.
418 2019 517 2104 Cujus
532 2019 682 2084 affectum
709 2017 801 2104 Prior
824 2040 866 2082 ex
892 2020 1003 2084 crebra
1028 2018 1121 2084 faciei
1146 2021 1292 2087 immuta·

156 2109 242 2173 tione
266 2107 476 2194 perpendens,
496 2105 641 2191 diligenti
665 2106 884 2172 moderatione
909 2106 986 2195 quid
1012 2131 1116 2172 cansae
1142 2110 1292 2174 obortum

155 2196 276 2274 suisset,
293 2194 463 2282 inquisivit.
511 2194 569 2258 Ille
589 2217 665 2259 vero
679 2194 808 2259 rubenti
826 2194 906 2259 facie
922 2194 1118 2261 dissimulare
1132 2219 1197 2261 non
1211 2219 1294 2284 prae-

156 2285 275 2361 valens,
291 2296 406 2347 cuncta
420 2305 492 2369 quae
515 2282 694 2347 acciderant
709 2281 845 2360 detexit,
862 2295 896 2347 et
922 2283 1057 2348 Beatum
1076 2284 1291 2350 Cuthbertum

155 2395 196 2436 eo
225 2371 276 2435 die
313 2393 402 2435 suam
438 2368 589 2434 familiam
625 2371 800 2436 deseruisse
836 2371 1065 2457 conquestuose
1102 2371 1293 2458 deploravit.

157 2470 179 2501 “
193 2458 420 2534 Cuthbertus,”
436 2456 550 2543 inquit,
576 2467 598 2498 ‘⁶
611 2480 720 2521 omnes
738 2480 795 2523 nos
815 2453 992 2523 deserendo
1011 2458 1156 2546 despicit,
1174 2473 1292 2527 ettam

155 2547 295 2632 hospites
319 2568 428 2609 omnes
443 2567 539 2631 quam
553 2545 743 2610 domesticos
765 2546 867 2610 solitae
883 2546 950 2632 opis
965 2548 1207 2614 mansuetudine
1221 2572 1294 2636 pas-

155 2658 228 2700 cere
238 2634 307 2719 jam
322 2632 467 2718 indignos
477 2631 662 2717 judicavit.”
711 2633 772 2698 Cui
790 2633 892 2713 Prior,
917 2645 940 2676 ‘⁴
954 2635 1171 2700 Mansuetior”
1187 2636 1219 2701 in
1263 2636 1289 2701 it

157 2723 297 2786 “animo
311 2737 392 2799 esto,
409 2739 442 2785 et
464 2720 505 2784 de
524 2720 617 2786 Beati
635 2720 806 2786 Cuthberti
820 2722 964 2808 largiflue
981 2723 1084 2808 gratia
1098 2746 1139 2788 ne
1153 2659 1289 2804 diffidis,

155 2833 228 2876 cum
243 2811 345 2895 ipsum
360 2809 458 2873 fidum
474 2807 506 2872 in
517 2811 705 2874 necessitate
716 2809 852 2874 amicum
870 2811 972 2876 multo
985 2811 1145 2898 quondam
1165 2812 1292 2898 experi-

154 2914 263 2964 mento
279 2897 373 2962 fuisse
388 2919 571 2982 cognoscas.
618 2896 790 2984 Nunquam
804 2898 923 2964 etenim
940 2922 1014 2964 snos
1032 2900 1067 2963 in
1085 2899 1291 2966 tribulatione

153 2987 305 3065 deseruit,
322 3000 356 3051 et
370 2985 510 3070 hospites
525 3008 598 3049 suos
613 2985 664 3049 vel
678 3008 787 3050 servos
801 2985 893 3051 famis
908 2986 1039 3072 penuria
1052 2987 1205 3052 confundi
1219 3011 1293 3074 per·

154 3075 249 3140 misit.
296 3073 366 3139 Nec
381 3073 477 3138 modo
493 3073 604 3138 deesse
625 3072 716 3137 nobis
738 3072 868 3158 poterit,
885 3096 925 3139 eo
947 3074 1034 3161 quod
1049 3074 1145 3159 ipsius
1166 3075 1290 3142 habun-

154 3163 264 3228 dantia
274 3184 434 3249 nunquam
443 3161 574 3246 alicujus
583 3161 726 3226 defectirs
736 3160 874 3246 inopiam
882 3163 1037 3246 noverit.''
1050 3162 1293 3247 Dejicientein·

155 3251 280 3316 interim
292 3250 415 3314 vultum
423 3248 532 3326 fratre,
541 3249 632 3313 Prior
641 3248 758 3334 injecta
768 3272 863 3314 manu
873 3273 946 3314 eum
958 3273 1066 3315 secum
1074 3251 1151 3315 foris
1162 3250 1288 3332 eduxit,

153 3353 185 3404 et
206 3338 281 3403 talia
295 3338 500 3403 confabulans
515 3337 571 3416 ait,
590 3347 611 3378 “
624 3337 845 3421 Egrediamur,
862 3350 895 3403 et
910 3339 1014 3402 animo
1026 3339 1216 3424 desperante
1230 3340 1292 3404 mi·

155 3427 238 3492 nime
253 3426 447 3512 dejiciamur,
463 3425 538 3525 quia
557 3447 621 3489 non
643 3439 692 3489 est
717 3425 819 3490 Beato
837 3425 1018 3491 Cuthberto
1031 3425 1158 3492 difficile
1182 3427 1290 3493 omnia

152 3515 243 3578 nohis
258 3514 300 3578 ad
314 3513 537 3578 sufficiencram
551 3512 721 3577 invenire.”
769 3512 833 3587 Qui
849 3513 968 3599 egressi
982 3536 1099 3600 equum
1109 3515 1291 3581 onerarium

153 3624 249 3688 porro
264 3602 324 3670 sub
337 3603 450 3679 arbore
468 3614 605 3667 stantem
624 3600 783 3679 viderunt,
800 3599 1045 3688 diligentiirsque
1064 3601 1142 3688 quid
1159 3617 1292 3688 porten-

153 3691 245 3754 deret
268 3689 472 3775 inquirentes,
489 3688 589 3774 pisces
605 3688 647 3752 ad
668 3711 748 3773 opus
769 3687 903 3754 fratrum
918 3689 1107 3754 sufficientes
1122 3689 1290 3758 advenisse

156 3777 248 3842 Beati
268 3777 436 3842 Cuthberti
452 3775 667 3841 misericordia
681 3775 871 3840 didicerunt.
919 3777 1103 3864 Videasque
1127 3777 1228 3843 frater
1256 3780 1289 3845 in

152 3864 297 3952 coquina,
314 3865 355 3929 ad
374 3864 516 3929 Priorem
529 3866 587 3928 sub
602 3863 805 3929 festinatione
814 3865 1003 3949 regreditur,
1020 3887 1157 3952 eumque
1172 3889 1292 3953 cogen-

152 3953 195 4017 do
211 3953 338 4017 trahens
354 3952 409 4017 illo
424 3952 612 4028 introduxit,
629 3966 662 4016 et
674 3975 732 4015 sex
747 3953 901 4017 salmones
917 3953 1111 4038 peroptimos
1126 3967 1160 4018 et
1175 3977 1288 4021 recen·

153 4055 200 4105 tes
219 4041 356 4105 Beatum
368 4039 581 4105 Cuthbertum
596 4039 641 4104 eis
656 4038 775 4104 misisse
791 4041 941 4105 ostendit.
988 4040 1139 4128 Aliosque
1154 4041 1290 4127 piscicu-

151 4128 198 4191 los
214 4127 329 4193 multos
345 4127 497 4192 emendos
512 4127 643 4205 invenit,
660 4140 693 4192 et
712 4128 853 4193 omnium
868 4151 974 4192 rerum
989 4128 1152 4194 affluentia
1165 4153 1206 4195 eo
1221 4130 1287 4208 die,

152 4215 245 4281 solito
272 4215 417 4302 amplius,
447 4237 541 4301 quam
569 4214 744 4301 hospitibus
769 4229 837 4281 tam
867 4216 1048 4281 domesticis
1078 4216 1289 4284 habundavit.

553 4392 561 4430 ¹
575 4390 678 4454 Thirslr,
689 4394 717 4444 in
729 4391 878 4446 Yorlsshlre.
