2924 4966
253 324 302 391 34
602 340 818 391 nacturum
846 340 1028 393 nouacnr
1086 370 1094 377 -

254 501 417 587 magisque
440 501 576 566 insanire
599 501 723 579 institit,
740 503 816 590 qnia
829 502 971 567 fortassis
986 515 1080 567 tanto
1102 502 1246 589 hospite
1272 504 1416 591 indignus

254 587 390 651 exstitit.
439 588 566 672 Quippe
589 588 769 675 quicunqne
791 612 907 673 corpus
932 589 1062 653 Domini
1082 593 1123 654 ‘et
1148 592 1356 677 sanguinem
1376 592 1418 657 in·

254 672 350 758 digne
375 674 519 759 percipit,
545 697 636 737 reurn
656 698 690 738 se
715 676 826 738 aterni
846 675 961 758 judicii
983 676 1136 741 incendio
1159 678 1308 757 addicit,
1334 692 1368 744 et
1388 679 1416 743 in

252 782 386 844 corpore
401 761 525 845 peccati
540 784 604 823 non
620 760 742 823 habitat
757 762 811 847 qni
823 762 938 825 nullius
954 762 1131 847 iniquitatis
1143 763 1332 849 injusticiae
1347 787 1416 829 con·

254 846 366 910 cordat
381 859 415 910 et
430 847 483 934 qui
494 848 655 931 justorum
671 847 814 909 cordium
825 870 939 911 serena
953 847 1152 934 tranquillat.
1199 850 1296 925 Quia
1311 850 1414 937 itaque

254 932 412 1016 condigne
427 956 472 1008 se,
489 945 579 996 tanto
594 932 786 996 adveniente
799 932 935 1017 hospite,
953 932 1142 1019 penitentiae
1157 938 1266 1021 scopa
1281 960 1350 1001 non
1364 960 1415 1001 ex·

254 1018 409 1103 piaverat,
429 1020 517 1083 recte
536 1019 669 1103 amplius
691 1018 862 1082 insurendo
883 1020 1090 1083 desaeviebat.
1140 1020 1218 1086 Nec
1239 1022 1413 1087 conventio

259 1103 379 1169 Christi
394 1127 432 1169 ac
459 1104 561 1168 Belial
584 1105 616 1167 in
632 1128 696 1168 uno
712 1105 776 1168 ulla
798 1128 867 1169 esse
891 1106 1021 1190 poterit,
1038 1105 1094 1192 qui
1115 1105 1177 1171 lux
1202 1110 1413 1175 tenebrarum

254 1191 465 1273 ignorantiam
495 1191 679 1276 sepeliendo
711 1192 880 1255 consumit.
934 1191 1048 1256 Nullus
1072 1215 1113 1255 ue
1140 1193 1288 1259 miretur
1318 1218 1412 1283 quare

258 1275 379 1342 Christi
394 1300 508 1362 corpus
518 1290 552 1341 et
567 1277 692 1361 sanguis
704 1278 877 1361 malignum
890 1277 1034 1362 spiritum
1049 1215 1090 1341 de
1106 1301 1252 1363 corpore
1265 1281 1330 1347 sibi
1345 1284 1413 1345 sub-

250 1364 342 1447 jecto
364 1386 427 1426 non
443 1364 613 1447 expulerit,
630 1387 703 1426 curn
719 1364 826 1427 omnia
847 1387 920 1449 qua¹
936 1363 1073 1427 voluerit
1092 1365 1248 1430 Christus
1272 1368 1346 1432 sine
1360 1368 1412 1433 du-

256 1451 310 1513 bio
322 1449 426 1513 sacere
439 1449 548 1534 possit.
580 1448 708 1533 Nempe
720 1449 865 1514 Christus
875 1472 918 1514 ex
928 1449 1066 1534 justiciae
1076 1452 1309 1518 moderamine
1322 1478 1413 1519 cuno·

255 1549 289 1600 ta
304 1536 402 1600 debet
417 1559 525 1619 agere,
539 1549 572 1600 et
582 1536 679 1599 nichil
694 1559 735 1599 ex
748 1536 868 1619 rapinae
880 1536 1020 1621 inquieta
1031 1535 1227 1621 fatigatione
1243 1563 1412 1639 peragere.

259 1623 357 1687 Unde
381 1646 439 1686 nee
457 1623 612 1686 violenter
630 1624 704 1707 jure
720 1622 831 1685 debuit
847 1623 978 1708 antiquo
1001 1623 1143 1707 serpenti
1158 1646 1216 1687 vas
1242 1626 1413 1691 munandi-

255 1709 309 1772 tiae
347 1732 412 1772 suae
450 1723 482 1772 et
520 1709 725 1794 possessionis
755 1731 884 1772 annosae
919 1709 1030 1793 spolia,
1061 1708 1136 1771 solis
1175 1712 1344 1795 potentiae
1373 1713 1414 1777 vi·

254 1796 341 1859 ribus
357 1796 480 1871 tollere,
492 1796 551 1858 nisi
566 1795 723 1880 primitus,
737 1794 770 1857 in
785 1816 930 1878 possesso
946 1818 966 1858 a
980 1795 1140 1872 daemone,
1157 1796 1301 1882 alicujus
1318 1800 1415 1865 devo-

254 1882 349 1945 tionis
368 1882 522 1966 primitias
541 1881 697 1966 potuisset
716 1880 914 1964 acceptando
933 1880 1135 1965 comperisse.
1185 1883 1325 1948 Atrium
1340 1908 1414 1971 ergo

255 1969 368 2032 alienae
383 1968 551 2052 potestatis
566 1991 631 2030 non
646 1966 855 2051 exspoliando
870 1967 1011 2031 debebat
1030 1966 1194 2045 invadere,
1212 1969 1278 2033 nisi
1299 1994 1346 2036 ex
1361 1972 1414 2037 ali-

254 2056 317 2140 qua
331 2055 483 2118 bonitatis
500 2054 663 2138 disciplina
676 2053 831 2138 potuisset
841 2052 973 2137 alicujus
989 2052 1164 2117 occasionis
1180 2058 1361 2121 materiam
1375 2080 1414 2123 ex

254 2139 382 2224 pietatis
398 2140 547 2223 operibus
571 2140 732 2224 insignire.
781 2139 843 2202 Vel
864 2140 943 2203 certi
968 2140 1113 2204 Christus
1135 2139 1181 2223 pii
1205 2142 1414 2209 confessoris

254 2226 304 2288 sui
323 2226 493 2289 Cuthberti
510 2227 664 2309 potentiae
679 2224 814 2310 gloriam
828 2225 897 2288 talis
907 2226 1033 2289 virtutis
1048 2225 1204 2289 miraculo
1219 2230 1333 2294 voluit
1348 2253 1415 2296 cer·

256 2312 319 2375 tius
334 2311 508 2387 declarare,
526 2335 598 2374 cum
614 2312 710 2396 ipsius
726 2311 861 2395 imperio
880 2312 986 2375 altiori
1002 2312 1250 2396 dispensationis
1266 2316 1414 2382 misterio

255 2399 420 2461 obsessum
434 2421 454 2461 a
469 2398 614 2461 daemone
630 2398 736 2483 potuit
756 2398 902 2462 liberare.
951 2399 1071 2462 Beatus
1090 2397 1224 2485 quidem
1248 2402 1415 2467 Cuthber-

255 2496 318 2561 tus,
336 2484 466 2547 lucerna
488 2485 596 2547 lucens
612 2498 646 2549 et
666 2485 780 2548 ardens
800 2507 908 2548 coram
932 2484 1075 2548 Domino
1097 2484 1236 2563 exstitit,
1254 2488 1314 2573 qui
1331 2488 1414 2555 viam

257 2568 399 2634 Domino
413 2570 446 2632 in
461 2583 665 2655 peccatorum
680 2570 829 2634 cordibus
848 2570 1016 2634 facinnoris
1036 2571 1243 2635 exturbando
1260 2576 1414 2641 tenebras

256 2656 458 2741 praeparavit.
515 2658 613 2722 Unde
639 2680 712 2720 cum
738 2658 779 2719 de
807 2656 926 2721 Christi
952 2657 1096 2741 potentia
1119 2656 1224 2719 nullus
1252 2660 1412 2747 ambigat,

261 2742 381 2807 Christi
398 2743 510 2826 gloriae
533 2744 714 2827 specialiter
737 2756 890 2806 consonat
913 2756 949 2806 ut
972 2743 1087 2808 talibus
1109 2742 1348 2811 miraculorum
1369 2748 1415 2811 ia-

258 2828 365 2912 signiis
391 2829 485 2892 Beati
510 2829 682 2894 Cuthberti
707 2829 905 2894 Confessoris
921 2828 968 2892 sui
991 2829 1169 2913 potentiam
1184 2829 1305 2894 clarius
1322 2834 1416 2899 dete·

258 2915 365 3001 gendo
380 2915 512 2999 aperiat.
561 2916 598 2979 ln
621 2939 660 2980 eo
683 2915 813 3000 quidem
839 2914 957 2979 Christi
979 2915 1217 3000 magnificentia
1237 2918 1415 3001 gloriosius

258 3001 434 3069 effunditur
448 3026 513 3089 quo
525 3002 622 3065 Beati
637 3000 809 3066 Cuthberti
821 3002 923 3083 gloria
938 3001 1031 3064 latius
1046 3001 1240 3085 predicatur.
1291 3004 1413 3089 Igitur,

258 3089 301 3152 ob
320 3088 414 3151 Beati
433 3088 604 3152 Cuthberti
619 3087 725 3151 meriti
743 3087 878 3171 gloriam
893 3088 1128 3165 declarandam,
1144 3088 1311 3171 peccatori
1328 3091 1416 3157 intu-

258 3174 296 3238 lit
310 3196 394 3259 penc
411 3174 593 3238 vindictam.
641 3173 712 3237 Nec
728 3173 758 3236 ei
773 3172 883 3236 salutis
907 3174 1095 3250 remedium,
1116 3196 1209 3236 sunm
1227 3196 1351 3260 corpus
1366 3200 1416 3243 sa·

259 3261 469 3325 cratissimum
481 3260 610 3344 indigne
622 3259 838 3344 praesnmenti,
852 3259 998 3323 conferre
1014 3260 1159 3324 Christus
1171 3259 1286 3338 voluit,
1297 3265 1361 3328 sed
1373 3264 1415 3329 ad

263 3347 372 3412 Sancti
390 3347 561 3412 Cuthberti
576 3346 706 3409 honoris
721 3344 856 3429 gloriam
872 3369 945 3409 eum
968 3345 1064 3430 ipsius
1088 3344 1198 3409 virtuti
1220 3344 1254 3408 iu
1277 3347 1416 3415 infirmi.

259 3445 326 3499 tate
347 3434 564 3518 compeditum
586 3432 772 3496 reservavit.
819 3432 932 3496 Frater
955 3455 1033 3516 ergo
1053 3433 1133 3517 ejus,
1149 3431 1204 3519 qui
1227 3432 1272 3496 ad
1290 3433 1414 3501 larum¹

259 3520 359 3586 scolas
372 3520 404 3582 in
418 3520 557 3604 legendo
573 3530 731 3596 tenuerat,
747 3517 796 3582 his
812 3518 852 3582 de
868 3519 966 3582 fratre
982 3543 1040 3582 suo
1055 3517 1237 3603 compertis,
1250 3540 1356 3605 quam
1370 3522 1416 3591 ci.

259 3605 321 3671 tius
344 3606 432 3670 domi
449 3608 519 3692 jam
540 3605 692 3682 redierat,
707 3617 742 3668 et
766 3627 805 3668 ea
826 3606 948 3690 plenius
971 3604 1168 3690 experiendo
1183 3608 1414 3690 comprobans,

259 3711 355 3778 quam
377 3692 531 3756 maturius
555 3692 762 3769 Dunelmum,
787 3691 843 3755 ubi
869 3692 988 3755 Beatus
1015 3691 1212 3756 Cuthbertus
1235 3692 1416 3779 requiescit

259 3802 403 3865 corpore,
420 3780 624 3864 properabat.
673 3778 739 3852 Qui
754 3776 860 3842 subito
879 3778 1056 3841 Aldrednm
1077 3777 1240 3841 sacristam
1255 3777 1291 3840 in
1306 3784 1416 3847 eccle-

179 3910 182 3915 ·
258 3864 304 3927 sia
318 3865 448 3950 reperit,
465 3889 602 3952 eumque
618 3887 713 3948 super
727 3864 833 3928 fratris
848 3864 896 3926 sui
916 3864 1111 3940 infirmitate,
1128 3877 1162 3927 et
1177 3863 1351 3931 diabolicae
1367 3868 1416 3935 fa·

260 3950 422 4034 tigationis
433 3952 602 4016 vexatione
616 3950 785 4014 consuluit.
834 3950 910 4027 Qui,
922 3949 1129 4034 simplicitatis
1143 3950 1267 4034 spiritu,
1285 3950 1417 4021 incerta

259 4038 562 4102 medicamentorum
577 4050 759 4102 commenta
772 4058 836 4098 non
852 4036 882 4099 ei
897 4036 1048 4121 prodesse
1063 4036 1233 4121 plurimum
1248 4058 1346 4126 posse
1363 4064 1416 4105 as-

259 4123 368 4200 seruit,
385 4146 444 4186 nec
465 4125 585 4191 fallatia
605 4124 777 4187 herbarum
792 4122 999 4188 confectionis
1020 4122 1151 4199 colliria,
1168 4122 1316 4207 plurimae
1329 4128 1416 4203 artis

725 4317 735 4356 ¹
748 4319 835 4371 Hodie
846 4321 937 4371 Yarm.
