2924 4966
170 369 243 451 978
522 388 739 495 aspirator
772 388 957 439 mosacen

168 552 326 616 sublatam
341 550 491 630 reddidit,
509 547 675 640 suremq'ne
691 553 732 617 de
752 568 854 618 morte
873 552 1007 618 emerita
1021 552 1127 626 eruit3
1150 566 1185 617 et
1203 574 1312 616 omnes

168 640 334 704 malivolos
357 641 486 704 terroris
508 664 659 705 mucrone
675 641 829 706 confodit.
875 640 960 706 Nam
984 641 1024 705 ab
1039 640 1092 704 die
1108 640 1161 703 illa
1176 654 1210 704 at
1225 640 1314 703 dein·

167 751 242 814 ceps
258 729 363 792 nullus
378 728 634 794 latrocinantium
649 730 816 795 ecclesiam
831 729 874 795 ali
897 752 970 793 uam
989 729 1057 814 ejus
1080 728 1201 792 nomini
1223 727 1314 792 dedi·

167 831 271 882 catam
287 816 319 879 in
334 815 394 880 illis
409 817 524 882 finibus
540 840 633 882 ausus
649 830 698 882 est
713 818 844 904 aggredi
855 842 864 895 ;
874 754 1105 882 licetaliomm
1121 817 1313 880 Sanctorum

167 905 296 969 nomina
318 904 349 968 in
371 905 459 970 furto
473 903 610 969 maxime
625 907 866 983 committendo,
891 929 956 969 non
979 904 1207 991 pertimescant
1222 927 1314 968 exas-

167 994 309 1080 perando
336 1007 369 1057 et
395 994 568 1071 soeviendo,
585 1016 649 1058 non
675 995 787 1059 vereri.
837 993 934 1059 Unde
950 1015 1059 1057 omnes
1074 1016 1169 1078 gazas
1184 1015 1256 1056 suas
1272 992 1313 1057 ad

167 1081 316 1148 ecclesias
343 1081 451 1146 Sancti
478 1083 650 1148 Cuthberti
672 1081 705 1145 in
726 1081 886 1169 provintia
907 1080 961 1146 illa
982 1081 1143 1159 deferunt,
1160 1079 1236 1168 quia
1258 1103 1311 1145 eas

166 1169 296 1234 omnino
311 1170 430 1235 laedere
446 1171 497 1235 vel
519 1169 707 1256 contingere
723 1170 800 1235 nulli
822 1170 1080 1234 latrocinantium
1102 1181 1311 1254 praesumunt.

169 1256 254 1322 Nam
270 1258 440 1323 clementia
458 1259 551 1323 Beati
578 1259 760 1336 Cuthberti,
777 1282 850 1345 quae
864 1258 906 1322 ab
921 1281 993 1322 oevo
1015 1256 1047 1320 in
1062 1280 1134 1321 aevo
1149 1280 1213 1320 non
1229 1257 1312 1321 desi-

165 1346 212 1410 nit
227 1360 354 1432 patrare
370 1346 595 1412 misericordiae
610 1370 719 1432 opera,
740 1346 773 1410 in
792 1369 826 1412 se
840 1345 1074 1410 confidentibus
1095 1368 1160 1408 aon
1175 1344 1310 1409 desistit.

168 1435 250 1500 Haec
265 1436 396 1524 quidam
413 1435 540 1522 juvenis
558 1434 656 1499 Militi
678 1457 808 1522 compar
831 1433 973 1520 pluribus
989 1432 1006 1498 ὲ
1021 1432 1172 1501 fratribus
1195 1432 1310 1497 nostris

146 1538 148 1542 '
164 1523 294 1608 retulit;
317 1538 351 1589 et
367 1547 442 1589 vera
457 1523 553 1590 fuisse
568 1546 641 1587 cum
655 1523 866 1609 jurejurando
882 1544 990 1586 coram
1004 1521 1148 1607 pluribus
1167 1523 1244 1586 satis
1262 1544 1311 1586 as-

163 1626 274 1677 sermt.

145 1956 146 1961 γ
166 1880 265 1944 CAP.
283 1878 626 1957 CXXX-Quomodo
638 1877 734 1940 Miles
744 1885 883 1941 emuncta
896 1876 1029 1958 sepulcri
1044 1875 1138 1938 Beati
1154 1874 1310 1938 cantati

103 1964 106 1969 ’
250 1989 271 2030 o
290 1968 392 2031 dolore
413 1969 547 2030 doniam
568 1969 611 2028 ait
630 1973 776 2029 curatus:
801 1973 832 2028 et
852 1965 1013 2027 dimidium
1035 1965 1133 2026 dentis
1152 1965 1306 2040 dedderit,

146 2088 148 2093 .
248 2056 330 2137 qrwd
343 2057 372 2117 ci
381 2063 488 2136 postea
502 2055 616 2118 obtulit.
1134 2085 1136 2089 ν

209 2219 403 2313 Redemptio
418 2227 533 2292 animae
545 2227 603 2291 viri
614 2227 705 2313 justi,
719 2239 804 2306 sunt,
822 2240 904 2292 teste
919 2224 1084 2311 sapientia,
1097 2224 1219 2288 divitiae
1234 2247 1309 2310 pro-

161 2316 251 2401 priae,
269 2316 345 2403 quia
366 2329 399 2379 et
424 2316 567 2379 Domino
589 2315 680 2380 nobis
703 2314 738 2378 in
760 2314 928 2400 evangelio
951 2313 1133 2399 pollicente,
1155 2312 1307 2400 quicquid

161 2403 425 2489 postulaverimus
441 2403 474 2467 in
488 2404 564 2481 fide,
581 2404 622 2468 ab
637 2403 692 2467 illo
707 2403 882 2488 poterimus
897 2401 1053 2467 obtinere.
1102 2400 1202 2475 Quod
1216 2401 1307 2465 miles

161 2490 291 2578 quidam
310 2491 437 2555 nomine
460 2491 637 2555 Rannulfus
657 2491 698 2556 de
720 2491 853 2576 Capella
871 2490 1122 2575 cognominatus,
1144 2487 1178 2551 in
1202 2488 1307 2573 seipso

160 2580 222 2644 hoc
239 2579 271 2642 in
287 2592 431 2664 tempore
447 2579 500 2664 pio
512 2601 609 2664 opere
622 2593 671 2643 est
683 2592 845 2664 expertus.
893 2577 977 2642 Nam
989 2575 1056 2661 ipse
1068 2575 1212 2641 dolorem
1228 2576 1308 2640 den·

162 2666 242 2731 tium
265 2667 471 2731 saevissimum
494 2666 612 2731 diutius
636 2690 746 2752 passus
768 2681 829 2746 ast,
850 2681 884 2732 et
907 2687 949 2730 ex
970 2664 1040 2749 ipso
1062 2663 1173 2727 dolore
1196 2675 1306 2727 tumor

162 2756 313 2820 deformis
328 2778 401 2819 cum
416 2755 545 2832 rubore,
562 2754 650 2819 illum
670 2755 767 2819 modo
787 2752 963 2820 incredibili
980 2750 1102 2837 jugiter
1117 2750 1304 2815 excrucians

146 2843 194 2907 'in
215 2866 371 2930 genarum
392 2857 484 2929 parte
501 2843 562 2906 und
577 2858 709 2908 exortus
728 2857 787 2908 est.
835 2843 935 2928 Cujus
949 2838 1068 2905 doloris
1090 2861 1218 2924 poenam
1237 2839 1305 2924 ipse

161 2932 276 3018 saepius
292 2945 497 3017 attemptans,
514 2931 603 2995 nullo
618 2930 743 3016 generis
759 2931 898 2996 carmine
917 2929 983 2994 sive
998 2926 1218 3006 medicamine,
1235 2950 1306 2992 um-

161 3044 257 3108 quam
272 3020 377 3107 potuit
393 3021 534 3096 demere,
552 3018 741 3098 diminuere,
759 3018 824 3083 sive.
844 3019 876 3083 in
891 3020 999 3106 aliquo
1014 3016 1166 3081 delenire.
1216 3016 1305 3081 Inter

160 3109 242 3188 haec,
260 3109 397 3196 quddam
416 3103 498 3172 forte
514 3107 567 3171 die
584 3106 780 3172 Dunelmum
801 3130 859 3193 pro
878 3106 947 3171 aliis
962 3103 1098 3190 negotiis
1118 3104 1303 3182 advenerat,

161 3199 219 3262 sed
231 3198 261 3261 in
275 3197 427 3262 extremis
439 3195 583 3259 ecclesiae
599 3195 692 3260 Beati
706 3195 878 3261 Cuthberti
887 3195 1032 3280 partibus
1044 3193 1196 3270 residens,
1208 3215 1305 3256 moes-

161 3300 211 3348 tus
231 3309 339 3362 secum
358 3287 399 3351 de
418 3286 475 3348 sua
500 3283 686 3348 infirmitate
713 3284 885 3369 cogitabat.
932 3281 1009 3346 Non
1028 3281 1114 3345 enim
1129 3302 1201 3344 eam
1224 3280 1305 3345 obli-

160 3372 237 3437 visci
253 3388 391 3458 poterat,
405 3372 480 3460 quia
494 3372 587 3436 dolor
602 3371 745 3436 assiduus
759 3395 821 3437 non
836 3369 1034 3457 permiserat.
1080 3367 1231 3455 Denique
1246 3369 1304 3432 do-

160 3482 246 3524 mum
262 3484 457 3538 reversurus,
471 3459 660 3524 deliberavit
670 3459 786 3539 animo,
797 3459 885 3547 quod
896 3472 930 3523 et
941 3457 1029 3535 fecit,
1036 3456 1077 3521 ad
1090 3455 1183 3521 Beati
1199 3456 1303 3520 Patris

162 3547 333 3612 Cuthberti
350 3549 530 3635 sepulcrum
549 3548 702 3612 accedere
716 3571 724 3624 3
741 3561 774 3612 et
796 3546 957 3633 postulata
975 3546 1042 3631 ejus
1057 3544 1237 3623 clementia,
1254 3567 1305 3609 se·

158 3634 265 3697 curior
280 3637 321 3700 ad
343 3636 472 3722 propria
494 3650 607 3721 postea
624 3659 778 3700 remeare.
826 3634 1030 3721 Veniensque
1054 3634 1095 3697 ad
1121 3632 1303 3718 sepulcrum

156 3721 287 3806 gloriosi
303 3724 472 3808 pontificia
490 3723 624 3808 genibus
644 3723 747 3802 flexis,
764 3745 880 3810 genam
894 3722 1057 3786 dolentem
1073 3721 1114 3785 ad
1130 3722 1199 3806 ejus
1221 3721 1301 3785 fines

156 3810 349 3894 posteriores
373 3811 532 3897 apposuit,
550 3811 625 3899 quia
639 3812 680 3876 ad
703 3835 803 3877 cornu
823 3810 931 3895 anguli
954 3809 1044 3873 unius
1065 3809 1169 3872 thecae
1191 3809 1301 3893 ipsius,

160 3897 315 3961 Sanctum
338 3898 471 3963 Domini
493 3899 649 3964 adoravit.
696 3899 779 3963 Mox
796 3898 892 3984 igitur
907 3912 943 3962 ut
962 3897 1051 3961 illum
1073 3894 1191 3980 attigit,
1209 3896 1302 3973 dolor

154 3982 206 4047 ille
223 3984 309 4068 prius
319 3985 526 4051 intolerabilis
538 3987 640 4051 omnis
655 3987 802 4067 abcessit,
813 3986 889 4074 quia
901 3985 1010 4062 virtus,
1024 4007 1096 4084 quae
1112 3984 1153 4048 de
1163 3984 1303 4070 glorioso

157 4071 350 4137 Confessore
365 4075 456 4152 exiit,
470 4074 588 4138 doloris
605 4075 857 4162 inquietudinem
872 4074 939 4138 sine
954 4095 1040 4136 omm
1055 4072 1145 4136 mord
1159 4072 1303 4158 fugando

153 4157 298 4224 detersit.
345 4161 551 4248 Domumque
571 4163 663 4228 laetus
683 4177 716 4228 et
732 4165 838 4229 alacer
852 4161 958 4240 rediit,
973 4173 1006 4224 et
1022 4172 1130 4224 tumor
1145 4160 1246 4224 omnis
1261 4160 1304 4224 si·

152 4245 217 4307 mul
234 4269 307 4310 eum
318 4249 436 4314 rubore
449 4248 588 4314 dicessit.
636 4252 680 4315 At
696 4252 778 4317 infra
787 4252 855 4316 dies
870 4271 989 4337 paucos
1002 4247 1117 4313 mirum
1127 4247 1159 4312 in
1169 4249 1302 4315 modum

152 4331 316 4398 dimidiata
325 4357 397 4420 pars
410 4336 514 4400 dentis
527 4339 676 4417 dolentis,
690 4340 781 4426 quasi
796 4340 871 4404 lima
883 4336 1018 4403 serratili
1034 4335 1146 4402 suisset
1154 4336 1299 4423 praecisa,

150 4417 288 4497 decidit3
316 4423 417 4488 altera
432 4423 508 4489 verb
533 4427 602 4511 ejus
629 4427 785 4494 medietas
810 4429 871 4496 una
897 4449 970 4492 cum
993 4425 1101 4491 radice
1124 4425 1181 4490 sud
1202 4424 1300 4489 modo
