2924 4966
148 338 198 411 36
498 360 711 411 aucturum
745 360 934 413 uourcur

150 522 293 587 liciarum
308 520 395 597 setis,
412 544 470 605 per
484 522 599 588 domus
613 545 721 587 aream
735 522 896 587 currendo
913 524 992 607 jam
1009 523 1120 589 limen
1137 522 1247 589 donus
1257 543 1294 607 pe·

151 608 244 672 dibus
259 606 471 671 anterioribus
487 609 629 693 corporis
651 608 889 693 progrediendo
904 610 1025 687 subiit,
1045 623 1083 676 et
1099 610 1212 697 capud
1229 630 1295 673 suuu

151 695 194 761 ad
214 694 287 758 colli
311 692 464 757 interiora
486 693 700 781 intorquendo
726 694 873 759 reflexit:
902 717 992 761 nunc
1019 720 1109 762 vero
1133 720 1193 763 ore
1214 694 1296 783 patulo

151 780 262 867 hyanti
278 780 375 843 rictus
390 780 615 843 cachinnorum
632 781 833 865 infringendo
855 781 889 843 in
901 804 957 847 me
972 780 1298 849 convertendomedi·

152 867 270 931 ocriter
289 867 439 930 minando
462 890 546 930 nunc
571 868 751 931 condolet.”
799 866 909 931 Primo
934 878 1056 933 tamen
1081 892 1236 935 sermone
1254 890 1298 954 qus

152 969 293 1039 aegrotus
308 954 389 1039 arqui
405 953 507 1017 infusa
522 953 657 1017 indoluit
674 954 817 1038 primitus
832 966 980 1019 sanctam
997 955 1157 1021 Mariam
1177 954 1299 1041 ingenis

153 1040 257 1105 ccndo
269 1040 413 1126 protulit.
454 1050 476 1080 ‘⁴
485 1040 578 1103 Nunc
591 1063 670 1123 ergo
681 1062 776 1127 quarn
788 1040 880 1103 citius
892 1062 1015 1127 aquam
1031 1042 1139 1107 Beati
1152 1037 1299 1121 cuthberti

154 1150 250 1211 super
266 1126 362 1190 limen
377 1126 492 1191 domus
511 1127 681 1225 aspergite,
698 1142 732 1191 et
747 1126 910 1191 diabolum
926 1125 971 1191 de
986 1128 1132 1195 deintro
1155 1128 1300 1215 projiciet·

153 1228 202 1276 tes
223 1212 405 1297 expellite.”
454 1214 497 1276 At
513 1213 569 1289 illr,
586 1212 630 1275 nil
645 1213 745 1290 dilati,
763 1234 877 1301 aquam
904 1212 1002 1278 Beati
1028 1216 1218 1281 Cuthberti
1231 1234 1300 1299 supet

154 1300 262 1362 limina
276 1300 390 1364 donuls
405 1300 604 1383 aspergendo
620 1299 823 1375 diffuderant,
840 1312 875 1363 et
889 1321 949 1384 per
964 1300 1115 1385 angulos
1136 1304 1301 1367 tuterunt

153 1399 240 1449 tecta
262 1386 419 1469 parietum
441 1388 548 1450 onmia
569 1386 808 1463 circumdando,
825 1397 859 1449 et
881 1384 1076 1451 rorantibus
1102 1388 1200 1477 aquis
1222 1386 1303 1451 utu

153 1472 261 1537 dendo
277 1486 529 1556 consperserunt.
577 1472 661 1535 Mox
684 1473 736 1536 ille
759 1472 911 1557 paulatim
926 1495 962 1537 se
988 1473 1161 1559 erigendo
1185 1470 1302 1547 sustulit,

155 1561 324 1645 vultusque
347 1573 381 1622 et
404 1581 471 1636 ora,
489 1559 602 1645 quibus
625 1559 789 1645 hyaverat,
812 1559 844 1622 in
867 1558 1104 1643 restringendo
1131 1558 1304 1647 composuit.

161 1648 294 1730 Semper
314 1660 421 1709 tamen
444 1658 478 1709 ct
501 1645 604 1708 adhuc
627 1646 724 1709 etiam
747 1646 779 1708 iu
795 1645 914 1710 viventi
933 1658 1034 1732 atque
1060 1648 1244 1733 superstite
1260 1640 1305 1709 oris

157 1732 296 1797 latitudo
311 1731 456 1795 diffusius
479 1731 681 1816 protenditur
696 1753 792 1817 quam
807 1733 840 1796 in
854 1731 916 1796 alio
934 1730 1113 1797 hominum
1129 1733 1237 1799 videri
1250 1752 1307 1796 cou-

158 1819 332 1882 suetudinis
354 1818 521 1882 habeatur.
569 1817 640 1881 Nec
660 1818 849 1895 mirandum,
865 1818 891 1881 si
906 1818 1049 1895 daemon,
1070 1820 1107 1883 in
1124 1816 1307 1905 egrediendo

160 1906 354 1987 indignatus,
369 1928 404 1966 os
416 1927 481 1989 quo
497 1904 585 1968 exire
601 1905 853 1988 compellebatur
863 1904 958 1967 latius
970 1905 1174 1971 suffocando
1189 1903 1307 1993 aperuit,

161 2005 195 2055 et
211 1992 316 2055 exitiis
332 1990 488 2054 foramina
509 1991 775 2077 circumqururcns
790 2005 824 2055 et
847 2002 1060 2076 properanter
1076 1993 1203 2059 exilire
1225 1993 1309 2057 iuter·

162 2079 252 2153 dens,
264 2090 388 2161 partem
400 2077 548 2164 aliquam,
562 2100 658 2162 quam
670 2077 700 2140 ei
712 2077 812 2155 licuit,
826 2079 857 2140 in
869 2076 1050 2159 diripiendo
1059 2079 1214 2163 affiegit.
1260 2075 1311 2141 Ati·

163 2164 310 2251 quotiens
333 2165 463 2240 etenim,
480 2164 557 2226 dum
584 2163 676 2227 citius
701 2165 811 2247 egredi
835 2165 876 2228 ab
899 2163 1007 2248 aliquo
1021 2162 1219 2244 festinatur,
1236 2174 1313 2249 portu

162 2250 350 2334 effringitur,
367 2250 444 2313 dum
466 2250 684 2314 immodestius
708 2251 881 2334 aperienda
902 2261 1141 2316 contrectatur.
1194 2247 1314 2337 Majoris

164 2351 274 2401 tamen
289 2336 456 2401 dedecoris
471 2336 672 2421 dispendium
688 2336 717 2399 ei
740 2336 936 2421 egrediendo
959 2334 1141 2419 ingereret,
1158 2337 1190 2402 si
1209 2338 1315 2401 Berua

168 2423 365 2488 Cuthbertus
386 2422 417 2487 ei
438 2424 593 2507 majorem
615 2423 754 2487 laedendi
777 2422 954 2508 potentiam
976 2423 1010 2483 in
1032 2420 1091 2485 illo
1115 2424 1317 2509 permisisset.

169 2510 237 2575 Ora
251 2532 329 2593 ergo
342 2509 532 2594 composuit,
548 2510 712 2573 oculorum
723 2510 843 2573 lumina
855 2507 1075 2593 exhylarando
1086 2508 1230 2589 refovit,
1244 2520 1318 2575 arus

165 2596 305 2679 singulos
327 2597 497 2659 moderato
520 2596 696 2659 sinuamine
712 2596 744 2658 in
766 2594 964 2660 reflectendo
986 2593 1115 2679 sibique
1140 2594 1319 2682 coaptando

167 2682 308 2765 collegit.
357 2682 555 2768 Reseditque
579 2683 672 2746 Beati
696 2683 866 2746 Cuthberti
885 2679 1006 2744 meritis
1026 2702 1136 2759 sanus,
1158 2682 1281 2759 alacer,
1294 2690 1322 2745 et

167 2768 344 2845 incolumis,
362 2768 416 2853 qui
433 2770 529 2852 paulo
545 2782 618 2832 ante
635 2769 822 2832 furibundus
842 2766 1000 2853 apparuit,
1018 2788 1171 2845 vesanus,
1191 2790 1281 2847 acer,
1294 2778 1323 2831 et

169 2854 369 2918 incurabilis:
387 2877 491 2931 sanus,
516 2855 628 2939 spiritu
651 2854 834 2919 sobrietatis
857 2867 891 2918 et
906 2874 1039 2937 corpore
1055 2854 1230 2937 sospitatis
1243 2878 1253 2931 ς
1268 2854 1325 2919 ulr-

169 2964 234 3018 cer,
252 2940 328 3004 fidei
343 2940 468 3024 integral
483 2941 667 3018 devotione,
685 2954 719 3005 et
734 2941 809 3004 laett
824 2940 917 3004 faciei
932 2938 1127 3013 serenitate3
1144 2938 1324 3015 incolumis,

170 3026 307 3111 receptis
335 3027 475 3111 corporis
500 3028 617 3090 viribus
641 3040 674 3091 et
703 3027 845 3111 pristinae
869 3024 994 3089 virtutis
1017 3037 1173 3109 reparato
1198 3026 1326 3091 decore.

174 3114 234 3177 Vir
249 3113 345 3177 etiarn
361 3113 431 3190 iste,
449 3136 533 3176 anno
549 3115 589 3177 ab
611 3113 827 3177 incarnatione
845 3111 977 3175 Domini
996 3120 1208 3190 u⁰.c⁰.r.xv⁰.,
1227 3112 1327 3177 adbuc

172 3201 239 3264 vita
253 3199 381 3275 comite,
399 3199 552 3283 usquead
568 3212 713 3282 tempora
727 3213 837 3262 nostra
851 3198 1080 3284 perduraverat
1093 3221 1102 3273 3
1126 3210 1165 3263 et
1178 3200 1328 3263 omnibus

173 3285 491 3370 comprovincialibus
513 3308 573 3369 pro
589 3285 682 3368 hujus
699 3286 800 3349 vitute
816 3284 959 3348 miraculi
973 3283 1128 3347 hactenus
1145 3284 1264 3349 notior
1278 3302 1330 3349 ex·

174 3373 323 3436 istiterat.
371 3371 445 3434 Hoc
461 3371 587 3434 virtutis
603 3371 724 3454 insigne
739 3372 926 3435 miraculum
942 3378 1006 3433 non*
1024 3392 1044 3433 a
1065 3370 1181 3456 quovis
1204 3370 1331 3437 incerto

174 3459 314 3523 relatore
339 3457 516 3534 didicimus,
534 3458 590 3521 sed
614 3458 654 3521 ab
679 3458 778 3542 ipstus
793 3457 852 3521 viri
875 3458 984 3535 fratre,
1002 3468 1036 3521 et
1059 3457 1100 3520 ab
1123 3456 1228 3541 ipsius
1248 3458 1330 3523 villts

180 3545 368 3621 Sacerdote,
393 3556 426 3607 et
450 3544 594 3608 Thorolo
616 3566 700 3607 nunc
724 3545 882 3608 monacho
905 3541 1131 3607 Dunelmensis
1158 3543 1331 3621 Eeetfflte,

176 3632 322 3696 honestae
334 3630 410 3693 vitae
426 3644 459 3694 et
475 3630 722 3695 conversationis
738 3631 915 3708 sacerdote,
930 3644 964 3694 et
979 3654 999 3694 a
1013 3629 1262 3717 quampluribus
1271 3650 1334 3697 cte·

179 3719 255 3782 teris
271 3716 326 3805 qui
345 3717 520 3781 intererant
535 3731 569 3781 et
584 3717 654 3781 haec
670 3717 816 3781 viderant
831 3730 865 3781 et
880 3718 1057 3793 audierant,
1072 3737 1137 3779 nou
1152 3718 1262 3782 setnel
1277 3718 1334 3783 ite-

178 3807 248 3869 rati
269 3804 424 3868 relatione
448 3804 671 3888 comperimus.
718 3804 834 3868 Tercia
859 3816 968 3867 autem
989 3814 1084 3866 nocte
1107 3802 1333 3890 subsequenti,

180 3890 266 3955 idem
288 3890 433 3954 diabolus
449 3892 508 3953 sub
521 3892 637 3954 eisdem
659 3890 789 3974 parietis
804 3891 944 3954 fenestra
959 3889 1069 3964 astitit,
1087 3900 1132 3966 et,
1150 3891 1284 3955 caeteris
1303 3889 1335 3953 itt

181 3977 278 4040 domo
290 3976 502 4053 audientibus,
514 3977 629 4040 talibus
642 3999 716 4040 eum
732 3978 863 4041 affatum
879 3976 1022 4063 alloquiis
1038 3975 1093 4039 ait.
1141 3975 1230 4041 “Mi
1250 3976 1336 4041 wat

182 4064 270 4126 terel
289 4084 366 4124 num
381 4086 444 4140 me,
462 4064 509 4126 tui
523 4063 656 4147 hospicii
672 4062 818 4140 amicum,
836 4064 877 4127 dc
893 4077 925 4127 te
942 4063 1030 4148 aquis
1050 4061 1227 4127 Cuthberti
1249 4062 1336 4129 illius

181 4146 313 4231 ejecisti,
336 4161 379 4223 et,
405 4170 456 4212 ma
477 4148 659 4225 refutando,
677 4149 767 4211 illurn
791 4150 849 4213 tibi
871 4151 940 4234 jam
967 4148 1109 4211 sodalem
1136 4148 1336 4215 advocasti?

187 4231 283 4298 Certe
299 4233 396 4296 satius
412 4234 469 4298 tibi
485 4236 569 4299 foret
584 4258 636 4298 me
649 4235 784 4298 amicum
801 4236 858 4299 tibi
873 4236 1039 4299 retinuisse
1055 4256 1152 4320 quam
1171 4236 1339 4303 Cuthber-

185 4330 262 4398 tum,
280 4332 397 4383 nostras
417 4321 509 4384 sortis
525 4320 696 4398 inimicum,
715 4320 772 4384 tibi
787 4321 819 4384 in
833 4321 1113 4386 confoederationis
1137 4324 1339 4390 consortium
