2924 4966
234 330 305 395 118
586 336 802 389 uuurxscor
836 334 1028 389 uestem

233 506 368 573 audivit.
415 514 439 545 ‘⁶
455 502 609 567 Haeccine
624 502 680 565 ubi
696 500 782 565 cerei
804 500 849 563 illi
871 516 961 577 sunt,
976 500 1036 587 qui
1058 501 1109 565 ob
1124 500 1293 565 adrentus
1316 500 1397 586 Epis·

234 594 306 677 copi
324 590 492 677 praeparati
508 604 594 653 suut.
642 588 757 651 Proser
771 587 842 651 illos
856 608 931 649 cum
946 588 1172 665 candelabris,
1190 604 1230 651 ut
1250 588 1394 672 Episcopo

236 680 462 755 ministremus,
478 691 512 741 et
528 675 736 739 lintheamina
746 673 982 751 candidissima,
998 674 1115 739 athiis
1130 676 1243 739 altare
1258 675 1397 739 decenter

236 766 429 851 operiamus.
478 762 643 849 Siquidem
659 784 792 845 magnus
806 760 903 845 hujus
917 760 1067 825 ecclesiae
1086 762 1292 847 Episcopus,
1307 760 1398 827 Cuth-

236 856 362 929 bertus,
376 852 438 913 huc
454 852 564 913 missas
586 849 806 913 celebraturus
828 846 971 924 advenit,
995 860 1031 911 et
1046 870 1109 911 nos
1134 849 1283 933 praerios
1303 846 1395 911 omnia

237 952 472 1040 praeparaturus
486 958 595 1000 coram
614 935 696 999 facie
716 936 774 998 sua
788 934 938 997 direxit.’'
984 934 1125 999 'limena
1141 936 1214 1013 ille,
1231 936 1335 1020 digito
1346 956 1397 997 suo

238 1028 298 1091 illis
315 1026 428 1101 innuit,
446 1038 480 1087 et
502 1046 613 1087 cereos
635 1022 819 1097 ostendens,
835 1021 942 1085 clares
964 1022 1187 1087 armariorum
1211 1023 1258 1087 de
1280 1022 1397 1106 cingulo

237 1137 296 1177 stro
321 1110 514 1197 proferendo
534 1109 740 1174 contradidit.
787 1106 868 1171 Non·
885 1108 973 1171 euim
995 1108 1145 1173 audebat
1160 1110 1211 1174 de
1231 1110 1399 1173 lectocou·

238 1220 380 1283 snrgere,
400 1198 449 1261 vel
464 1196 651 1284 quoestionis
665 1196 799 1280 alicujus
813 1216 889 1258 cum
906 1194 968 1257 illis
984 1196 1086 1259 rerba
1096 1196 1290 1279 prolixiora
1298 1218 1399 1261 couse-

240 1310 322 1349 rere.
372 1285 437 1359 Qui
458 1284 594 1348 armaria
616 1284 808 1367 aperientes,
824 1281 1033 1346 lintheamina
1046 1304 1194 1383 quaeque
1217 1283 1396 1349 honestiora

238 1372 416 1457 proferunt,
433 1371 549 1457 ‹pribus
564 1370 665 1433 altare
680 1371 782 1518 magus
797 1382 1007 1453 operuerunt.
1055 1370 1244 1475 Cerersque
1260 1369 1398 1435 candela-

241 1460 306 1523 bris
322 1458 539 1543 snpeqsositis,
557 1456 685 1521 obviam
707 1478 725 1519 c
749 1456 813 1519 oris
828 1455 1016 1519 canentibus
1038 1476 1243 1539 processere,
1258 1470 1295 1521 et
1309 1456 1398 1521 iutro-

240 1546 389 1609 euntibus
402 1545 569 1609 ecclesiam
584 1556 719 1607 coeteros
734 1544 964 1629 subsequentes
976 1541 1089 1626 praerii
1103 1544 1319 1608 concinendo
1332 1564 1398 1609 cou-

241 1634 400 1715 gredibre.
449 1631 575 1695 Chorus
590 1629 830 1693 concinentium
851 1629 995 1714 pluribus
1011 1630 1156 1693 uirorum
1176 1630 1398 1695 dealbatorum

243 1718 384 1804 personis
404 1718 638 1781 honestioribus
656 1716 782 1780 conseri
797 1717 978 1793 videbatur,
1002 1739 1100 1803 quem
1115 1731 1151 1780 et
1178 1718 1340 1783 Pontifex
1359 1716 1398 1781 al·

243 1828 323 1883 tium,
350 1804 583 1889 potniliculibus
608 1803 775 1867 redimitus
799 1802 951 1888 insigniis,
975 1802 1196 1888 perpulcriori
1217 1804 1399 1890 spectaculo

242 1894 436 1957 seetalmtur.
486 1892 561 1967 Qui,
579 1891 621 1955 ad
635 1891 737 1955 altare
760 1889 978 1975 progrediens,
995 1890 1165 1954 missarum
1180 1892 1332 1957 misteria
1343 1890 1398 1955 aol-

244 1980 399 2065 lempnius
423 1978 604 2054 inchoavit3
620 2000 694 2064 quae
708 1990 811 2040 coetus
826 1976 1008 2041 canentium
1032 1976 1191 2041 mellifluo
1211 1976 1398 2043 modulami-

243 2068 289 2130 nis
313 2066 425 2130 ordine
448 2067 681 2151 subsequenter
703 2064 853 2128 exsolvit.
900 2064 1044 2128 Gradale
1064 2078 1099 2128 et
1117 2079 1242 2129 caetera
1265 2086 1397 2153 quaque

243 2154 365 2239 aliquot
381 2174 488 2217 corum
512 2152 567 2215 illo
590 2150 818 2237 precinebant.
867 2151 993 2215 Chorus
1009 2174 1098 2229 vero,
1115 2174 1156 2215 ea
1178 2166 1300 2237 postea
1313 2174 1399 2239 repe·

244 2254 324 2317 teus,
343 2260 432 2303 more
455 2238 670 2303 ecclesiastico
685 2236 853 2301 decentius
876 2238 1102 2323 personabant.
1150 2239 1251 2303 Circa
1270 2239 1398 2325 Episco

244 2348 319 2411 pum
347 2328 471 2391 levitic
494 2348 552 2390 stro
574 2325 687 2389 urdine
709 2324 943 2403 ministrabant,
965 2336 998 2388 et
1021 2324 1134 2389 debita
1154 2326 1219 2389 sibi
1235 2326 1318 2411 jura
1337 2326 1397 2391 ritu

244 2413 397 2477 ‹eztrtouico
420 2412 659 2498 persolvebant.
707 2411 872 2475 Diaconus
887 2411 1017 2476 iuterim
1031 2412 1096 2489 ille,
1112 2412 1234 2496 passim
1249 2426 1286 2479 et
1301 2436 1398 2501 quau·

244 2502 361 2587 dotpw,
379 2514 475 2586 prout
490 2500 641 2577 audebat,
655 2499 822 2562 oculorum
832 2499 953 2562 lumina
967 2521 1025 2584 per
1040 2498 1211 2563 ecclesiam
1225 2500 1396 2586 dirigebat,

246 2603 278 2652 et
310 2602 410 2651 totam
436 2587 581 2673 undique
612 2585 746 2649 micanti
769 2586 986 2670 fulgurantem
1014 2586 1136 2651 lumine
1172 2588 1397 2672 perspiciebat.

250 2676 361 2753 Missa,
378 2688 473 2760 prout
489 2674 519 2738 ei
536 2674 715 2750 videbatur,
731 2673 773 2736 de
793 2672 913 2757 Spiritu
933 2674 1053 2736 Sancto
1067 2688 1139 2738 erat
1151 2697 1162 2749 ς
1176 2676 1243 2760 qua
1257 2674 1398 2759 percele-

244 2764 347 2839 bruttl,
365 2776 465 2825 (erutus
481 2760 582 2825 omnis
598 2759 651 2823 ille
667 2782 740 2823 cum
755 2759 846 2841 melis
861 2760 1038 2846 ymnidicis,
1056 2783 1098 2824 eo
1112 2784 1183 2847 quo
1193 2760 1288 2845 prius
1301 2762 1398 2827 adve-

246 2862 337 2913 uerat
348 2848 470 2925 itinere,
478 2871 550 2912 cum
560 2846 816 2932 proecedentibus
824 2846 1398 2933 ceroferariispr'roribusprocedeudo

247 2936 384 2999 redibat.
434 2936 557 2999 Vocum
571 2933 647 2999 verb
660 2934 841 2997 discrimina
854 2947 927 3020 post
939 2934 1045 2999 exitus
1060 2934 1191 2999 illorum
1201 2934 1398 3023 aliquamdiu

245 3020 371 3105 lougius
383 3022 602 3087 recedentium
613 3020 776 3099 audiebat,
787 3043 866 3107 quos
877 3033 910 3085 et
920 3022 964 3085 ad
971 3022 1139 3086 ecclesiam
1147 3036 1270 3087 sauctae
1283 3022 1397 3087 Maria

246 3110 417 3175 stutimmm
442 3108 627 3173 interiorem
649 3107 763 3171 fecisse
786 3108 956 3173 sentiebat.
1004 3109 1057 3171 Ex
1072 3132 1113 3173 eo
1128 3109 1202 3173 loco
1216 3108 1398 3196 illos'prids

247 3196 413 3263 advenisse
430 3195 577 3272 credidit,
617 3194 670 3258 uia
685 3194 769 3258 illinc
785 3194 891 3259 duleiu
906 3196 1080 3261 intonuisse
1095 3196 1317 3261 modulamina
1331 3196 1400 3261 diu·

248 3281 365 3347 tissimi¹
379 3284 546 3369 persensit.
593 3218 741 3345 landem
752 3294 826 3366 post
837 3282 1069 3369 aliquantulum
1082 3283 1236 3367 temporis
1248 3284 1398 3367 spatium,

247 3372 349 3435 ‹tmnis
366 3394 429 3433 vox
445 3392 562 3434 sonora
573 3381 757 3444 recesserat,
775 3382 808 3432 et
824 3368 976 3434 diaconus
991 3370 1045 3434 ille
1065 3369 1141 3434 Deo
1156 3370 1277 3454 gratias
1292 3392 1400 3437 secum

248 3458 435 3521 ruttltocieus
459 3458 631 3521 referebat.
680 3456 768 3519 Inter
790 3478 875 3556 quae,
892 3457 1075 3521 ceroferarii
1097 3456 1332 3541 regredientes,
1349 3480 1401 3523 ce-

247 3568 319 3609 reos
333 3544 415 3629 ipsos
427 3545 577 3621 retulere,
591 3556 627 3607 et
641 3545 673 3606 in
684 3543 757 3607 loco
766 3543 899 3627 pristino
908 3545 1091 3628 reposuere.
1139 3542 1274 3628 Egressi
1282 3542 1401 3609 deinde

247 3654 312 3695 nisu
325 3632 541 3717 eompuruire,
556 3644 697 3695 attamen
708 3630 852 3693 ecclesia
863 3629 961 3714 ipsius
972 3631 1058 3695 fores
1071 3643 1220 3715 patentes
1229 3631 1404 3718 reliquere.

255 3720 378 3781 httronl
399 3732 559 3793 miscente,
576 3718 690 3781 lintres
713 3717 754 3781 ud
778 3717 945 3781 ecclesiam
967 3720 1174 3795 conveniunt,
1191 3718 1249 3781 sed
1271 3732 1400 3803 apertas

249 3806 333 3871 lbres
350 3806 493 3869 videntes
509 3818 542 3868 et
558 3804 765 3869 lintheamina
780 3805 884 3868 adhuc
900 3804 1042 3869 distensa
1057 3827 1153 3889 super
1167 3804 1269 3869 altare
1280 3805 1403 3891 reperi·

249 3906 340 3955 entes
365 3892 534 3977 plurinmm
553 3891 700 3955 admirati
723 3906 807 3955 sunt.
855 3891 1156 3978 Perquirentesque‚
1173 3891 1244 3955 haec
1259 3892 1369 3957 omnia
1382 3914 1403 3957 a

257 3980 400 4043 lliueouu
416 3976 568 4053 didicisse
586 3978 642 4042 sed
663 3978 781 4062 gratias
797 3992 929 4063 agentes
954 3979 1029 4043 Deo
1044 3978 1277 4066 aliquantulum
1290 3978 1402 4043 indicii

250 4066 444 4145 sigmumlmu
461 4065 521 4127 sibi
536 4065 660 4129 ostendi
683 4066 814 4149 petiere.
863 4065 1040 4130 Venientes
1056 4067 1195 4153 denique
1211 4064 1254 4129 ad
1275 4088 1400 4145 cereos,

251 4152 292 4215 ‹le
313 4152 408 4235 priori
426 4152 624 4233 longi-tudine
647 4152 815 4241 plusquam
837 4153 953 4237 palmae
968 4153 1060 4217 unius
1076 4174 1258 4217 mensuram
1272 4151 1401 4237 ignibus

250 4252 469 4323 ctmsumptam
480 4238 653 4323 reperiunt,
665 4251 698 4301 et
710 4240 804 4303 certis
815 4240 1110 4324 experimentorum
1120 4238 1261 4323 insigniis
1270 4260 1401 4303 omnem

251 4324 480 4389 incertitudinis
504 4325 689 4409 rurtbigtuun
705 4326 920 4391 excluserunt.
970 4328 1021 4391 lta
1047 4328 1167 4393 Beatus
1186 4326 1398 4417 Cuthbertus,
