<?xml version="1.0" encoding="UTF-8"?>
<!DOCTYPE html PUBLIC "-//W3C//DTD XHTML 1.0 Transitional//EN"
    "http://www.w3.org/TR/xhtml1/DTD/xhtml1-transitional.dtd">
<html xmlns="http://www.w3.org/1999/xhtml" xml:lang="en" lang="en">
 <head>
  <title>
</title>
<meta http-equiv="Content-Type" content="text/html;charset=utf-8" />
  <meta name='ocr-system' content='tesseract 3.04.00' />
  <meta name='ocr-capabilities' content='ocr_page ocr_carea ocr_par ocr_line ocrx_word'/>
</head>
<body>
  <div class='ocr_page' id='page_1' title='image "./reginaldimonach00regigoog_0279.png"; bbox 0 0 2924 4966; ppageno 0'>
   <div class='ocr_carea' id='block_1_1' title="bbox 153 359 930 432">
    <p class='ocr_par' dir='ltr' id='par_1_1' title="bbox 153 359 930 432">
     <span class='ocr_line' id='line_1_1' title="bbox 153 359 930 432; baseline -0.008 0"><span class='ocrx_word' id='word_1_1' title='bbox 153 359 227 432; x_wconf 63' lang='lat'><strong>⁶262</strong></span> <span class='ocrx_word' id='word_1_2' title='bbox 506 377 720 428; x_wconf 80' lang='lat' dir='ltr'><strong>nsornnaur</strong></span> <span class='ocrx_word' id='word_1_3' title='bbox 748 376 930 426; x_wconf 78' lang='lat' dir='ltr'><strong>uonncnr</strong></span> 
     </span>
    </p>
   </div>
   <div class='ocr_carea' id='block_1_2' title="bbox 156 539 1345 2476">
    <p class='ocr_par' dir='ltr' id='par_1_2' title="bbox 156 539 1345 2476">
     <span class='ocr_line' id='line_1_2' title="bbox 156 539 1297 634; baseline -0.003 -24"><span class='ocrx_word' id='word_1_4' title='bbox 156 545 276 634; x_wconf 89' lang='lat' dir='ltr'><strong>poteris</strong></span> <span class='ocrx_word' id='word_1_5' title='bbox 306 543 481 609; x_wconf 90' lang='lat' dir='ltr'><strong>obtinere.”</strong></span> <span class='ocrx_word' id='word_1_6' title='bbox 540 542 601 609; x_wconf 88' lang='lat' dir='ltr'><strong>Cui</strong></span> <span class='ocrx_word' id='word_1_7' title='bbox 626 541 758 608; x_wconf 88' lang='lat' dir='ltr'><strong>clericus</strong></span> <span class='ocrx_word' id='word_1_8' title='bbox 789 540 924 606; x_wconf 89' lang='lat' dir='ltr'><strong>suffusus</strong></span> <span class='ocrx_word' id='word_1_9' title='bbox 953 539 1089 606; x_wconf 78' lang='lat' dir='ltr'><strong>lacrimis</strong></span> <span class='ocrx_word' id='word_1_10' title='bbox 1119 540 1185 618; x_wconf 83' lang='lat' dir='ltr'><strong>ait3</strong></span> <span class='ocrx_word' id='word_1_11' title='bbox 1223 551 1245 582; x_wconf 90' lang='lat'><strong>“</strong></span> <span class='ocrx_word' id='word_1_12' title='bbox 1263 541 1297 607; x_wconf 92' lang='grc' dir='ltr'><strong>Ι0</strong></span> 
     </span>
     <span class='ocr_line' id='line_1_3' title="bbox 160 628 1296 717; baseline -0.004 -18"><span class='ocrx_word' id='word_1_13' title='bbox 160 633 300 699; x_wconf 86' lang='lat' dir='ltr'>Domine</span> <span class='ocrx_word' id='word_1_14' title='bbox 329 644 421 717; x_wconf 89' lang='lat' dir='ltr'><strong>pater</strong></span> <span class='ocrx_word' id='word_1_15' title='bbox 446 644 565 708; x_wconf 92' lang='lat' dir='ltr'><strong>sancte,</strong></span> <span class='ocrx_word' id='word_1_16' title='bbox 582 630 625 694; x_wconf 94' lang='lat' dir='ltr'><strong>mi</strong></span> <span class='ocrx_word' id='word_1_17' title='bbox 644 630 799 695; x_wconf 88' lang='lat' dir='ltr'><strong>advocate</strong></span> <span class='ocrx_word' id='word_1_18' title='bbox 822 628 1013 706; x_wconf 83' lang='lat' dir='ltr'><strong>dulcissime,</strong></span> <span class='ocrx_word' id='word_1_19' title='bbox 1030 629 1095 693; x_wconf 94' lang='lat' dir='ltr'><strong>noli</strong></span> <span class='ocrx_word' id='word_1_20' title='bbox 1119 652 1171 694; x_wconf 91' lang='lat' dir='ltr'><strong>me</strong></span> <span class='ocrx_word' id='word_1_21' title='bbox 1199 630 1240 694; x_wconf 93' lang='lat' dir='ltr'><strong>de</strong></span> <span class='ocrx_word' id='word_1_22' title='bbox 1264 643 1296 695; x_wconf 83' lang='lat' dir='ltr'><strong>te</strong></span> 
     </span>
     <span class='ocr_line' id='line_1_4' title="bbox 159 716 1345 803; baseline -0.003 -17"><span class='ocrx_word' id='word_1_23' title='bbox 159 721 254 786; x_wconf 93' lang='lat' dir='ltr'><strong>alium</strong></span> <span class='ocrx_word' id='word_1_24' title='bbox 272 721 423 784; x_wconf 88' lang='lat' dir='ltr'><strong>Sanctum</strong></span> <span class='ocrx_word' id='word_1_25' title='bbox 435 717 660 797; x_wconf 87' lang='lat' dir='ltr'><strong>transmittere,</strong></span> <span class='ocrx_word' id='word_1_26' title='bbox 673 741 746 783; x_wconf 90' lang='lat' dir='ltr'><strong>cum</strong></span> <span class='ocrx_word' id='word_1_27' title='bbox 755 716 856 803; x_wconf 87' lang='lat' dir='ltr'><strong>possis</strong></span> <span class='ocrx_word' id='word_1_28' title='bbox 870 716 958 796; x_wconf 91' lang='lat' dir='ltr'><strong>mihi,</strong></span> <span class='ocrx_word' id='word_1_29' title='bbox 972 717 1040 780; x_wconf 92' lang='lat' dir='ltr'><strong>solo</strong></span> <span class='ocrx_word' id='word_1_30' title='bbox 1052 735 1216 803; x_wconf 86' lang='lat' dir='ltr'><strong>praecepto</strong></span> <span class='ocrx_word' id='word_1_31' title='bbox 1228 730 1295 797; x_wconf 92' lang='lat' dir='ltr'><strong>tuo,</strong></span> <span class='ocrx_word' id='word_1_32' title='bbox 1341 750 1345 756; x_wconf 91' lang='lat'>·</span> 
     </span>
     <span class='ocr_line' id='line_1_5' title="bbox 159 804 1296 889; baseline -0.004 -16"><span class='ocrx_word' id='word_1_33' title='bbox 159 809 295 873; x_wconf 90' lang='lat' dir='ltr'><strong>salutem</strong></span> <span class='ocrx_word' id='word_1_34' title='bbox 317 807 462 871; x_wconf 90' lang='lat' dir='ltr'><strong>amissam</strong></span> <span class='ocrx_word' id='word_1_35' title='bbox 484 806 663 871; x_wconf 82' lang='lat' dir='ltr'><strong>restituere.</strong></span> <span class='ocrx_word' id='word_1_36' title='bbox 709 804 826 870; x_wconf 87' lang='lat' dir='ltr'><strong>Nonne</strong></span> <span class='ocrx_word' id='word_1_37' title='bbox 849 805 934 870; x_wconf 88' lang='lat' dir='ltr'><strong>enim</strong></span> <span class='ocrx_word' id='word_1_38' title='bbox 957 819 990 869; x_wconf 92' lang='lat' dir='ltr'><strong>tu</strong></span> <span class='ocrx_word' id='word_1_39' title='bbox 1007 829 1041 869; x_wconf 92' lang='lat' dir='ltr'><strong>es</strong></span> <span class='ocrx_word' id='word_1_40' title='bbox 1057 805 1109 869; x_wconf 96' lang='lat' dir='ltr'><strong>ille</strong></span> <span class='ocrx_word' id='word_1_41' title='bbox 1128 805 1296 889; x_wconf 89' lang='lat' dir='ltr'><strong>gloriosus,</strong></span> 
     </span>
     <span class='ocr_line' id='line_1_6' title="bbox 160 893 1299 984; baseline -0.004 -24"><span class='ocrx_word' id='word_1_42' title='bbox 160 896 215 984; x_wconf 92' lang='lat' dir='ltr'><strong>qui</strong></span> <span class='ocrx_word' id='word_1_43' title='bbox 230 895 385 959; x_wconf 86' lang='lat' dir='ltr'><strong>misereris</strong></span> <span class='ocrx_word' id='word_1_44' title='bbox 401 895 546 959; x_wconf 87' lang='lat' dir='ltr'><strong>omnibus</strong></span> <span class='ocrx_word' id='word_1_45' title='bbox 562 893 703 979; x_wconf 90' lang='lat' dir='ltr'><strong>perditis,</strong></span> <span class='ocrx_word' id='word_1_46' title='bbox 716 893 821 978; x_wconf 81' lang='lat' dir='ltr'><strong>lapsis,</strong></span> <span class='ocrx_word' id='word_1_47' title='bbox 833 893 972 978; x_wconf 85' lang='lat' dir='ltr'><strong>aegrotis,</strong></span> <span class='ocrx_word' id='word_1_48' title='bbox 987 909 1020 957; x_wconf 91' lang='lat' dir='ltr'><strong>et</strong></span> <span class='ocrx_word' id='word_1_49' title='bbox 1034 896 1156 957; x_wconf 88' lang='lat' dir='ltr'><strong>cunctis</strong></span> <span class='ocrx_word' id='word_1_50' title='bbox 1172 893 1299 979; x_wconf 90' lang='lat' dir='ltr'><strong>pericli·</strong></span> 
     </span>
     <span class='ocr_line' id='line_1_7' title="bbox 161 981 1300 1069; baseline -0.004 -20"><span class='ocrx_word' id='word_1_51' title='bbox 161 983 327 1049; x_wconf 81' lang='lat' dir='ltr'><strong>tantibns?</strong></span> <span class='ocrx_word' id='word_1_52' title='bbox 374 983 615 1069; x_wconf 88' lang='lat' dir='ltr'><strong>Mementoque,</strong></span> <span class='ocrx_word' id='word_1_53' title='bbox 633 982 772 1059; x_wconf 91' lang='lat' dir='ltr'><strong>domine,</strong></span> <span class='ocrx_word' id='word_1_54' title='bbox 788 981 873 1068; x_wconf 88' lang='lat' dir='ltr'><strong>quia,</strong></span> <span class='ocrx_word' id='word_1_55' title='bbox 891 996 924 1046; x_wconf 92' lang='lat' dir='ltr'><strong>te</strong></span> <span class='ocrx_word' id='word_1_56' title='bbox 947 981 1085 1059; x_wconf 87' lang='lat' dir='ltr'><strong>vivente,</strong></span> <span class='ocrx_word' id='word_1_57' title='bbox 1103 981 1162 1046; x_wconf 88' lang='lat' dir='ltr'><strong>tibi</strong></span> <span class='ocrx_word' id='word_1_58' title='bbox 1189 1005 1300 1046; x_wconf 87' lang='lat' dir='ltr'><strong>servus</strong></span> 
     </span>
     <span class='ocr_line' id='line_1_8' title="bbox 162 1068 1299 1157; baseline -0.003 -21"><span class='ocrx_word' id='word_1_59' title='bbox 162 1071 282 1148; x_wconf 90' lang='lat' dir='ltr'><strong>exstiti,</strong></span> <span class='ocrx_word' id='word_1_60' title='bbox 314 1083 346 1134; x_wconf 87' lang='lat' dir='ltr'><strong>et</strong></span> <span class='ocrx_word' id='word_1_61' title='bbox 369 1071 496 1134; x_wconf 86' lang='lat' dir='ltr'><strong>sedulus</strong></span> <span class='ocrx_word' id='word_1_62' title='bbox 519 1071 633 1157; x_wconf 88' lang='lat' dir='ltr'><strong>quibus</strong></span> <span class='ocrx_word' id='word_1_63' title='bbox 656 1069 747 1155; x_wconf 89' lang='lat' dir='ltr'><strong>potui</strong></span> <span class='ocrx_word' id='word_1_64' title='bbox 769 1068 827 1133; x_wconf 90' lang='lat' dir='ltr'><strong>tibi</strong></span> <span class='ocrx_word' id='word_1_65' title='bbox 849 1069 1027 1134; x_wconf 87' lang='lat' dir='ltr'><strong>ministrare</strong></span> <span class='ocrx_word' id='word_1_66' title='bbox 1049 1093 1113 1133; x_wconf 93' lang='lat' dir='ltr'><strong>non</strong></span> <span class='ocrx_word' id='word_1_67' title='bbox 1142 1069 1299 1134; x_wconf 84' lang='lat' dir='ltr'><strong>recusavi.</strong></span> 
     </span>
     <span class='ocr_line' id='line_1_9' title="bbox 164 1157 1303 1245; baseline -0.003 -22"><span class='ocrx_word' id='word_1_68' title='bbox 164 1159 352 1245; x_wconf 85' lang='lat' dir='ltr'><strong>Durumque</strong></span> <span class='ocrx_word' id='word_1_69' title='bbox 373 1158 448 1221; x_wconf 92' lang='lat' dir='ltr'><strong>mihi</strong></span> <span class='ocrx_word' id='word_1_70' title='bbox 471 1160 546 1222; x_wconf 89' lang='lat' dir='ltr'><strong>satis</strong></span> <span class='ocrx_word' id='word_1_71' title='bbox 569 1171 628 1235; x_wconf 87' lang='lat' dir='ltr'><strong>est,</strong></span> <span class='ocrx_word' id='word_1_72' title='bbox 645 1180 814 1221; x_wconf 90' lang='lat' dir='ltr'><strong>onerosum</strong></span> <span class='ocrx_word' id='word_1_73' title='bbox 833 1171 865 1222; x_wconf 91' lang='lat' dir='ltr'><strong>et</strong></span> <span class='ocrx_word' id='word_1_74' title='bbox 888 1181 1044 1243; x_wconf 88' lang='lat' dir='ltr'><strong>asperum,</strong></span> <span class='ocrx_word' id='word_1_75' title='bbox 1062 1157 1184 1221; x_wconf 70' lang='lat' dir='ltr'><strong>diutina</strong></span> <span class='ocrx_word' id='word_1_76' title='bbox 1208 1159 1303 1242; x_wconf 87' lang='lat' dir='ltr'><strong>aegri-</strong></span> 
     </span>
     <span class='ocr_line' id='line_1_10' title="bbox 162 1244 1344 1333; baseline -0.001 -22"><span class='ocrx_word' id='word_1_77' title='bbox 162 1247 274 1311; x_wconf 85' lang='lat' dir='ltr'><strong>tudine</strong></span> <span class='ocrx_word' id='word_1_78' title='bbox 286 1246 464 1330; x_wconf 89' lang='lat' dir='ltr'><strong>fatigatum,</strong></span> <span class='ocrx_word' id='word_1_79' title='bbox 481 1268 565 1309; x_wconf 89' lang='lat' dir='ltr'><strong>nunc</strong></span> <span class='ocrx_word' id='word_1_80' title='bbox 580 1245 726 1330; x_wconf 83' lang='lat' dir='ltr'><strong>regiones</strong></span> <span class='ocrx_word' id='word_1_81' title='bbox 737 1244 925 1333; x_wconf 88' lang='lat' dir='ltr'><strong>longinquas</strong></span> <span class='ocrx_word' id='word_1_82' title='bbox 937 1246 1035 1323; x_wconf 89' lang='lat' dir='ltr'><strong>adire,</strong></span> <span class='ocrx_word' id='word_1_83' title='bbox 1053 1259 1085 1310; x_wconf 89' lang='lat' dir='ltr'><strong>et</strong></span> <span class='ocrx_word' id='word_1_84' title='bbox 1098 1258 1147 1310; x_wconf 91' lang='lat' dir='ltr'><strong>tot</strong></span> <span class='ocrx_word' id='word_1_85' title='bbox 1159 1244 1302 1310; x_wconf 82' lang='lat' dir='ltr'><strong>miserias</strong></span> <span class='ocrx_word' id='word_1_86' title='bbox 1342 1276 1344 1283; x_wconf 95' lang='lat'>·</span> 
     </span>
     <span class='ocr_line' id='line_1_11' title="bbox 163 1333 1301 1420; baseline 0 -22"><span class='ocrx_word' id='word_1_87' title='bbox 163 1334 281 1398; x_wconf 89' lang='lat' dir='ltr'><strong>diutins</strong></span> <span class='ocrx_word' id='word_1_88' title='bbox 304 1334 480 1398; x_wconf 84' lang='lat' dir='ltr'><strong>differendo</strong></span> <span class='ocrx_word' id='word_1_89' title='bbox 495 1333 680 1398; x_wconf 87' lang='lat' dir='ltr'><strong>sustinere.”</strong></span> <span class='ocrx_word' id='word_1_90' title='bbox 727 1334 819 1398; x_wconf 89' lang='lat' dir='ltr'><strong>Tunc</strong></span> <span class='ocrx_word' id='word_1_91' title='bbox 842 1333 996 1417; x_wconf 88' lang='lat' dir='ltr'><strong>gloriosus</strong></span> <span class='ocrx_word' id='word_1_92' title='bbox 1015 1333 1132 1399; x_wconf 90' lang='lat' dir='ltr'><strong>Christi</strong></span> <span class='ocrx_word' id='word_1_93' title='bbox 1150 1333 1301 1420; x_wconf 86' lang='lat' dir='ltr'><strong>Martyr:</strong></span> 
     </span>
     <span class='ocr_line' id='line_1_12' title="bbox 166 1420 1300 1487; baseline -0.002 -1"><span class='ocrx_word' id='word_1_94' title='bbox 166 1433 188 1464; x_wconf 80' lang='lat'><strong>‘⁶</strong></span> <span class='ocrx_word' id='word_1_95' title='bbox 204 1421 310 1486; x_wconf 89' lang='lat' dir='ltr'><strong>Nichil</strong></span> <span class='ocrx_word' id='word_1_96' title='bbox 339 1435 452 1485; x_wconf 89' lang='lat' dir='ltr'><strong>contra</strong></span> <span class='ocrx_word' id='word_1_97' title='bbox 484 1421 732 1485; x_wconf 87' lang='lat' dir='ltr'><strong>commilitonem</strong></span> <span class='ocrx_word' id='word_1_98' title='bbox 762 1444 868 1486; x_wconf 89' lang='lat' dir='ltr'><strong>meum</strong></span> <span class='ocrx_word' id='word_1_99' title='bbox 905 1423 1056 1487; x_wconf 90' lang='lat' dir='ltr'><strong>Sanctum</strong></span> <span class='ocrx_word' id='word_1_100' title='bbox 1085 1420 1300 1486; x_wconf 90' lang='lat' dir='ltr'><strong>Cuthbertum</strong></span> 
     </span>
     <span class='ocr_line' id='line_1_13' title="bbox 165 1498 1303 1596; baseline 0.001 -24"><span class='ocrx_word' id='word_1_101' title='bbox 165 1511 238 1574; x_wconf 91' lang='lat' dir='ltr'><strong>volo</strong></span> <span class='ocrx_word' id='word_1_102' title='bbox 261 1498 397 1586; x_wconf 74' lang='lat' dir='ltr'><strong>effidere,</strong></span> <span class='ocrx_word' id='word_1_103' title='bbox 414 1509 488 1596; x_wconf 91' lang='lat' dir='ltr'><strong>quia</strong></span> <span class='ocrx_word' id='word_1_104' title='bbox 510 1509 746 1594; x_wconf 90' lang='lat' dir='ltr'><strong>potentissimus</strong></span> <span class='ocrx_word' id='word_1_105' title='bbox 769 1508 871 1574; x_wconf 87' lang='lat' dir='ltr'><strong>estin</strong></span> <span class='ocrx_word' id='word_1_106' title='bbox 893 1533 993 1595; x_wconf 87' lang='lat' dir='ltr'><strong>regno</strong></span> <span class='ocrx_word' id='word_1_107' title='bbox 1008 1509 1144 1574; x_wconf 88' lang='lat' dir='ltr'><strong>coelestis</strong></span> <span class='ocrx_word' id='word_1_108' title='bbox 1168 1509 1303 1573; x_wconf 87' lang='lat' dir='ltr'><strong>militiae.</strong></span> 
     </span>
     <span class='ocr_line' id='line_1_14' title="bbox 168 1597 1304 1685; baseline -0.002 -21"><span class='ocrx_word' id='word_1_109' title='bbox 168 1598 265 1664; x_wconf 94' lang='lat' dir='ltr'><strong>Unde</strong></span> <span class='ocrx_word' id='word_1_110' title='bbox 282 1597 355 1662; x_wconf 92' lang='lat' dir='ltr'><strong>volo</strong></span> <span class='ocrx_word' id='word_1_111' title='bbox 369 1611 405 1661; x_wconf 91' lang='lat' dir='ltr'><strong>ut</strong></span> <span class='ocrx_word' id='word_1_112' title='bbox 421 1597 483 1662; x_wconf 89' lang='lat' dir='ltr'><strong>mei</strong></span> <span class='ocrx_word' id='word_1_113' title='bbox 499 1597 540 1662; x_wconf 91' lang='lat' dir='ltr'><strong>de</strong></span> <span class='ocrx_word' id='word_1_114' title='bbox 555 1597 737 1662; x_wconf 86' lang='lat' dir='ltr'><strong>infirmitate</strong></span> <span class='ocrx_word' id='word_1_115' title='bbox 753 1600 808 1661; x_wconf 69' lang='lat' dir='ltr'><strong>sud</strong></span> <span class='ocrx_word' id='word_1_116' title='bbox 823 1597 957 1662; x_wconf 89' lang='lat' dir='ltr'><strong>salutem</strong></span> <span class='ocrx_word' id='word_1_117' title='bbox 973 1599 1039 1685; x_wconf 89' lang='lat' dir='ltr'><strong>ejus</strong></span> <span class='ocrx_word' id='word_1_118' title='bbox 1055 1597 1176 1661; x_wconf 90' lang='lat' dir='ltr'><strong>meritis</strong></span> <span class='ocrx_word' id='word_1_119' title='bbox 1191 1619 1304 1662; x_wconf 88' lang='lat' dir='ltr'><strong>conse-</strong></span> 
     </span>
     <span class='ocr_line' id='line_1_15' title="bbox 164 1685 1305 1773; baseline -0.002 -23"><span class='ocrx_word' id='word_1_120' title='bbox 164 1685 268 1750; x_wconf 91' lang='lat' dir='ltr'><strong>cuturi</strong></span> <span class='ocrx_word' id='word_1_121' title='bbox 280 1686 321 1750; x_wconf 90' lang='lat' dir='ltr'><strong>ad</strong></span> <span class='ocrx_word' id='word_1_122' title='bbox 340 1685 427 1749; x_wconf 93' lang='lat' dir='ltr'><strong>illum</strong></span> <span class='ocrx_word' id='word_1_123' title='bbox 451 1701 586 1771; x_wconf 84' lang='lat' dir='ltr'><strong>pergant</strong></span> <span class='ocrx_word' id='word_1_124' title='bbox 608 1700 641 1751; x_wconf 92' lang='lat' dir='ltr'><strong>et</strong></span> <span class='ocrx_word' id='word_1_125' title='bbox 664 1685 858 1770; x_wconf 84' lang='lat' dir='ltr'><strong>confugiant,</strong></span> <span class='ocrx_word' id='word_1_126' title='bbox 872 1700 968 1773; x_wconf 84' lang='lat' dir='ltr'><strong>atque</strong></span> <span class='ocrx_word' id='word_1_127' title='bbox 983 1685 1078 1771; x_wconf 88' lang='lat' dir='ltr'><strong>ipsius</strong></span> <span class='ocrx_word' id='word_1_128' title='bbox 1094 1685 1229 1749; x_wconf 83' lang='lat' dir='ltr'><strong>serviae</strong></span> <span class='ocrx_word' id='word_1_129' title='bbox 1244 1685 1305 1749; x_wconf 90' lang='lat' dir='ltr'><strong>mi-</strong></span> 
     </span>
     <span class='ocr_line' id='line_1_16' title="bbox 164 1773 1303 1860; baseline 0.001 -23"><span class='ocrx_word' id='word_1_130' title='bbox 164 1773 252 1837; x_wconf 92' lang='lat' dir='ltr'><strong>nistri</strong></span> <span class='ocrx_word' id='word_1_131' title='bbox 269 1773 457 1858; x_wconf 87' lang='lat' dir='ltr'><strong>languentes</strong></span> <span class='ocrx_word' id='word_1_132' title='bbox 480 1773 546 1838; x_wconf 90' lang='lat' dir='ltr'><strong>sive</strong></span> <span class='ocrx_word' id='word_1_133' title='bbox 561 1774 728 1857; x_wconf 87' lang='lat' dir='ltr'><strong>&#39;desperati</strong></span> <span class='ocrx_word' id='word_1_134' title='bbox 750 1774 792 1838; x_wconf 87' lang='lat' dir='ltr'><strong>ad</strong></span> <span class='ocrx_word' id='word_1_135' title='bbox 814 1796 865 1838; x_wconf 92' lang='lat' dir='ltr'><strong>me</strong></span> <span class='ocrx_word' id='word_1_136' title='bbox 888 1773 1027 1839; x_wconf 90' lang='lat' dir='ltr'><strong>veniant.</strong></span> <span class='ocrx_word' id='word_1_137' title='bbox 1075 1773 1146 1857; x_wconf 88' lang='lat' dir='ltr'><strong>Ego</strong></span> <span class='ocrx_word' id='word_1_138' title='bbox 1172 1773 1303 1860; x_wconf 90' lang='lat' dir='ltr'><strong>quidem</strong></span> 
     </span>
     <span class='ocr_line' id='line_1_17' title="bbox 165 1860 1303 1947; baseline -0.001 -21"><span class='ocrx_word' id='word_1_139' title='bbox 165 1863 229 1926; x_wconf 87' lang='lat' dir='ltr'><strong>suis</strong></span> <span class='ocrx_word' id='word_1_140' title='bbox 258 1884 351 1947; x_wconf 89' lang='lat' dir='ltr'><strong>opem</strong></span> <span class='ocrx_word' id='word_1_141' title='bbox 379 1874 521 1946; x_wconf 89' lang='lat' dir='ltr'><strong>optatam</strong></span> <span class='ocrx_word' id='word_1_142' title='bbox 551 1862 723 1940; x_wconf 89' lang='lat' dir='ltr'><strong>conferam,</strong></span> <span class='ocrx_word' id='word_1_143' title='bbox 752 1875 785 1926; x_wconf 90' lang='lat' dir='ltr'><strong>et</strong></span> <span class='ocrx_word' id='word_1_144' title='bbox 814 1885 901 1927; x_wconf 89' lang='lat' dir='ltr'><strong>meos</strong></span> <span class='ocrx_word' id='word_1_145' title='bbox 925 1862 970 1925; x_wconf 91' lang='lat' dir='ltr'><strong>illi</strong></span> <span class='ocrx_word' id='word_1_146' title='bbox 999 1861 1156 1926; x_wconf 90' lang='lat' dir='ltr'><strong>sanandos</strong></span> <span class='ocrx_word' id='word_1_147' title='bbox 1186 1860 1303 1926; x_wconf 76' lang='lat' dir='ltr'><strong>amodo</strong></span> 
     </span>
     <span class='ocr_line' id='line_1_18' title="bbox 166 1949 1302 2037; baseline -0.003 -23"><span class='ocrx_word' id='word_1_148' title='bbox 166 1949 388 2014; x_wconf 88' lang='lat' dir='ltr'><strong>transmittam.</strong></span> <span class='ocrx_word' id='word_1_149' title='bbox 437 1950 549 2037; x_wconf 87' lang='lat' dir='ltr'><strong>ltaque</strong></span> <span class='ocrx_word' id='word_1_150' title='bbox 572 1951 598 2013; x_wconf 87' lang='lat' dir='ltr'><strong>si</strong></span> <span class='ocrx_word' id='word_1_151' title='bbox 624 1951 666 2014; x_wconf 85' lang='lat' dir='ltr'><strong>ad</strong></span> <span class='ocrx_word' id='word_1_152' title='bbox 693 1951 843 2015; x_wconf 89' lang='lat' dir='ltr'><strong>Sanctum</strong></span> <span class='ocrx_word' id='word_1_153' title='bbox 873 1951 1087 2016; x_wconf 85' lang='lat' dir='ltr'><strong>Cuthbertum</strong></span> <span class='ocrx_word' id='word_1_154' title='bbox 1109 1949 1302 2035; x_wconf 83' lang='lat' dir='ltr'><strong>perrexeris,</strong></span> 
     </span>
     <span class='ocr_line' id='line_1_19' title="bbox 167 2034 1304 2124; baseline -0.003 -21"><span class='ocrx_word' id='word_1_155' title='bbox 167 2038 301 2103; x_wconf 91' lang='lat' dir='ltr'><strong>salutem</strong></span> <span class='ocrx_word' id='word_1_156' title='bbox 314 2039 354 2103; x_wconf 93' lang='lat' dir='ltr'><strong>ab</strong></span> <span class='ocrx_word' id='word_1_157' title='bbox 366 2061 416 2114; x_wconf 89' lang='lat' dir='ltr'><strong>e0,</strong></span> <span class='ocrx_word' id='word_1_158' title='bbox 434 2060 527 2123; x_wconf 87' lang='lat' dir='ltr'><strong>quanr</strong></span> <span class='ocrx_word' id='word_1_159' title='bbox 541 2039 691 2123; x_wconf 86' lang='lat' dir='ltr'><strong>postulas,</strong></span> <span class='ocrx_word' id='word_1_160' title='bbox 708 2034 936 2124; x_wconf 54' lang='lat' dir='ltr'><strong>consequeris?</strong></span> <span class='ocrx_word' id='word_1_161' title='bbox 986 2038 1109 2112; x_wconf 86' lang='lat' dir='ltr'><strong>Quibus</strong></span> <span class='ocrx_word' id='word_1_162' title='bbox 1121 2037 1213 2101; x_wconf 85' lang='lat' dir='ltr'><strong>dictis</strong></span> <span class='ocrx_word' id='word_1_163' title='bbox 1225 2060 1304 2101; x_wconf 89' lang='lat' dir='ltr'><strong>mox</strong></span> 
     </span>
     <span class='ocr_line' id='line_1_20' title="bbox 170 2125 1304 2212; baseline -0.001 -22"><span class='ocrx_word' id='word_1_164' title='bbox 170 2126 305 2190; x_wconf 88' lang='lat' dir='ltr'><strong>Sanctus</strong></span> <span class='ocrx_word' id='word_1_165' title='bbox 322 2125 385 2189; x_wconf 91' lang='lat' dir='ltr'><strong>Dei</strong></span> <span class='ocrx_word' id='word_1_166' title='bbox 401 2125 574 2210; x_wconf 84' lang='lat' dir='ltr'><strong>disparuit3</strong></span> <span class='ocrx_word' id='word_1_167' title='bbox 590 2139 623 2190; x_wconf 92' lang='lat' dir='ltr'><strong>et</strong></span> <span class='ocrx_word' id='word_1_168' title='bbox 638 2126 769 2190; x_wconf 90' lang='lat' dir='ltr'><strong>clericus</strong></span> <span class='ocrx_word' id='word_1_169' title='bbox 782 2126 834 2190; x_wconf 88' lang='lat' dir='ltr'><strong>ille</strong></span> <span class='ocrx_word' id='word_1_170' title='bbox 848 2126 1043 2190; x_wconf 92' lang='lat' dir='ltr'><strong>Dunelmum</strong></span> <span class='ocrx_word' id='word_1_171' title='bbox 1056 2148 1127 2189; x_wconf 89' lang='lat' dir='ltr'><strong>cum</strong></span> <span class='ocrx_word' id='word_1_172' title='bbox 1143 2125 1304 2212; x_wconf 88' lang='lat' dir='ltr'><strong>Episcopo</strong></span> 
     </span>
     <span class='ocr_line' id='line_1_21' title="bbox 167 2212 1306 2300; baseline 0 -24"><span class='ocrx_word' id='word_1_173' title='bbox 167 2212 199 2276; x_wconf 90' lang='lat' dir='ltr'><strong>in</strong></span> <span class='ocrx_word' id='word_1_174' title='bbox 223 2213 339 2297; x_wconf 79' lang='lat' dir='ltr'><strong>vigilia</strong></span> <span class='ocrx_word' id='word_1_175' title='bbox 361 2214 560 2277; x_wconf 84' lang='lat' dir='ltr'><strong>Ascensionis</strong></span> <span class='ocrx_word' id='word_1_176' title='bbox 583 2213 714 2277; x_wconf 90' lang='lat' dir='ltr'><strong>Domini</strong></span> <span class='ocrx_word' id='word_1_177' title='bbox 736 2213 875 2291; x_wconf 85' lang='lat' dir='ltr'><strong>veniens,</strong></span> <span class='ocrx_word' id='word_1_178' title='bbox 897 2215 1009 2278; x_wconf 73' lang='lat' dir='ltr'><strong>eddam</strong></span> <span class='ocrx_word' id='word_1_179' title='bbox 1032 2213 1084 2279; x_wconf 88' lang='lat' dir='ltr'><strong>die.</strong></span> <span class='ocrx_word' id='word_1_180' title='bbox 1106 2215 1169 2300; x_wconf 72' lang='lat' dir='ltr'><strong>qula</strong></span> <span class='ocrx_word' id='word_1_181' title='bbox 1191 2214 1233 2278; x_wconf 92' lang='lat' dir='ltr'><strong>ad</strong></span> <span class='ocrx_word' id='word_1_182' title='bbox 1256 2237 1306 2277; x_wconf 59' lang='lat' dir='ltr'><strong>se⁶</strong></span> 
     </span>
     <span class='ocr_line' id='line_1_22' title="bbox 165 2301 1306 2387; baseline 0 -23"><span class='ocrx_word' id='word_1_183' title='bbox 165 2301 310 2386; x_wconf 88' lang='lat' dir='ltr'><strong>pulcrum</strong></span> <span class='ocrx_word' id='word_1_184' title='bbox 324 2301 416 2364; x_wconf 90' lang='lat' dir='ltr'><strong>Beati</strong></span> <span class='ocrx_word' id='word_1_185' title='bbox 431 2301 756 2380; x_wconf 80' lang='lat' dir='ltr'><strong>Cuthbertiaccessit,</strong></span> <span class='ocrx_word' id='word_1_186' title='bbox 768 2302 935 2366; x_wconf 88' lang='lat' dir='ltr'><strong>sanitatem</strong></span> <span class='ocrx_word' id='word_1_187' title='bbox 947 2301 999 2365; x_wconf 92' lang='lat' dir='ltr'><strong>diu</strong></span> <span class='ocrx_word' id='word_1_188' title='bbox 1011 2301 1222 2366; x_wconf 86' lang='lat' dir='ltr'><strong>desideratam</strong></span> <span class='ocrx_word' id='word_1_189' title='bbox 1233 2325 1306 2387; x_wconf 90' lang='lat' dir='ltr'><strong>per-</strong></span> 
     </span>
     <span class='ocr_line' id='line_1_23' title="bbox 166 2388 1304 2476; baseline 0 -24"><span class='ocrx_word' id='word_1_190' title='bbox 166 2388 263 2473; x_wconf 76' lang='lat' dir='ltr'><strong>cepit.</strong></span> <span class='ocrx_word' id='word_1_191' title='bbox 312 2389 395 2463; x_wconf 85' lang='lat' dir='ltr'><strong>Quae</strong></span> <span class='ocrx_word' id='word_1_192' title='bbox 410 2389 515 2452; x_wconf 92' lang='lat' dir='ltr'><strong>omnia</strong></span> <span class='ocrx_word' id='word_1_193' title='bbox 530 2389 597 2474; x_wconf 91' lang='lat' dir='ltr'><strong>ipse</strong></span> <span class='ocrx_word' id='word_1_194' title='bbox 619 2390 745 2453; x_wconf 81' lang='lat' dir='ltr'><strong>crudam</strong></span> <span class='ocrx_word' id='word_1_195' title='bbox 768 2389 924 2454; x_wconf 87' lang='lat' dir='ltr'><strong>sacerdoti</strong></span> <span class='ocrx_word' id='word_1_196' title='bbox 952 2389 1126 2476; x_wconf 86' lang='lat' dir='ltr'><strong>Capellano</strong></span> <span class='ocrx_word' id='word_1_197' title='bbox 1153 2389 1304 2474; x_wconf 84' lang='lat' dir='ltr'><strong>Episcopi</strong></span> 
     </span>
    </p>
   </div>
   <div class='ocr_carea' id='block_1_3' title="bbox 165 2476 1306 2828">
    <p class='ocr_par' dir='ltr' id='par_1_3' title="bbox 165 2476 1306 2828">
     <span class='ocr_line' id='line_1_24' title="bbox 167 2476 1306 2565; baseline -0.001 -25"><span class='ocrx_word' id='word_1_198' title='bbox 167 2476 391 2541; x_wconf 87' lang='lat' dir='ltr'><strong>Dunelmensis</strong></span> <span class='ocrx_word' id='word_1_199' title='bbox 401 2477 521 2553; x_wconf 91' lang='lat' dir='ltr'><strong>retulit,</strong></span> <span class='ocrx_word' id='word_1_200' title='bbox 538 2491 571 2540; x_wconf 89' lang='lat' dir='ltr'><strong>et</strong></span> <span class='ocrx_word' id='word_1_201' title='bbox 580 2476 720 2541; x_wconf 88' lang='lat' dir='ltr'><strong>miserias</strong></span> <span class='ocrx_word' id='word_1_202' title='bbox 733 2478 968 2562; x_wconf 87' lang='lat' dir='ltr'><strong>aegritudinum,</strong></span> <span class='ocrx_word' id='word_1_203' title='bbox 979 2478 1091 2565; x_wconf 91' lang='lat' dir='ltr'><strong>quibus</strong></span> <span class='ocrx_word' id='word_1_204' title='bbox 1103 2477 1158 2540; x_wconf 92' lang='lat' dir='ltr'><strong>din</strong></span> <span class='ocrx_word' id='word_1_205' title='bbox 1168 2477 1306 2542; x_wconf 88' lang='lat' dir='ltr'><strong>afflictus</strong></span> 
     </span>
     <span class='ocr_line' id='line_1_25' title="bbox 165 2562 1304 2649; baseline -0.002 -21"><span class='ocrx_word' id='word_1_206' title='bbox 165 2564 280 2641; x_wconf 88' lang='lat' dir='ltr'><strong>fuerat,</strong></span> <span class='ocrx_word' id='word_1_207' title='bbox 321 2562 444 2627; x_wconf 89' lang='lat' dir='ltr'><strong>cuidam</strong></span> <span class='ocrx_word' id='word_1_208' title='bbox 485 2564 657 2649; x_wconf 84' lang='lat' dir='ltr'><strong>Religioso,</strong></span> <span class='ocrx_word' id='word_1_209' title='bbox 692 2565 776 2630; x_wconf 70' lang='lat' dir='ltr'><strong>facta</strong></span> <span class='ocrx_word' id='word_1_210' title='bbox 805 2564 956 2630; x_wconf 76' lang='lat' dir='ltr'><strong>secretids</strong></span> <span class='ocrx_word' id='word_1_211' title='bbox 979 2565 1184 2641; x_wconf 88' lang='lat' dir='ltr'><strong>confessione,</strong></span> <span class='ocrx_word' id='word_1_212' title='bbox 1217 2565 1304 2628; x_wconf 92' lang='lat' dir='ltr'><strong>omni</strong></span> 
     </span>
     <span class='ocr_line' id='line_1_26' title="bbox 166 2651 1306 2740; baseline 0 -24"><span class='ocrx_word' id='word_1_213' title='bbox 166 2652 264 2716; x_wconf 69' lang='lat' dir='ltr'><strong>exuta</strong></span> <span class='ocrx_word' id='word_1_214' title='bbox 285 2651 476 2715; x_wconf 66' lang='lat' dir='ltr'><strong>verecundia</strong></span> <span class='ocrx_word' id='word_1_215' title='bbox 498 2654 692 2737; x_wconf 84' lang='lat' dir='ltr'><strong>exponebat.</strong></span> <span class='ocrx_word' id='word_1_216' title='bbox 741 2654 905 2740; x_wconf 85' lang='lat' dir='ltr'><strong>Sanusque</strong></span> <span class='ocrx_word' id='word_1_217' title='bbox 935 2654 977 2718; x_wconf 93' lang='lat' dir='ltr'><strong>ad</strong></span> <span class='ocrx_word' id='word_1_218' title='bbox 1010 2677 1065 2717; x_wconf 89' lang='lat' dir='ltr'><strong>sua</strong></span> <span class='ocrx_word' id='word_1_219' title='bbox 1089 2674 1160 2716; x_wconf 87' lang='lat' dir='ltr'><strong>cnm</strong></span> <span class='ocrx_word' id='word_1_220' title='bbox 1184 2652 1306 2735; x_wconf 90' lang='lat' dir='ltr'><strong>gaudio</strong></span> 
     </span>
     <span class='ocr_line' id='line_1_27' title="bbox 166 2738 1222 2828; baseline -0.002 -24"><span class='ocrx_word' id='word_1_221' title='bbox 166 2740 272 2818; x_wconf 92' lang='lat' dir='ltr'><strong>rediit,</strong></span> <span class='ocrx_word' id='word_1_222' title='bbox 289 2739 343 2827; x_wconf 89' lang='lat' dir='ltr'><strong>qni</strong></span> <span class='ocrx_word' id='word_1_223' title='bbox 359 2738 412 2803; x_wconf 78' lang='lat' dir='ltr'><strong>illb</strong></span> <span class='ocrx_word' id='word_1_224' title='bbox 429 2753 477 2803; x_wconf 90' lang='lat' dir='ltr'><strong>tot</strong></span> <span class='ocrx_word' id='word_1_225' title='bbox 493 2739 717 2826; x_wconf 86' lang='lat' dir='ltr'><strong>aegritudinum</strong></span> <span class='ocrx_word' id='word_1_226' title='bbox 733 2741 884 2806; x_wconf 88' lang='lat' dir='ltr'><strong>molestiis</strong></span> <span class='ocrx_word' id='word_1_227' title='bbox 900 2742 1066 2828; x_wconf 87' lang='lat' dir='ltr'><strong>depressus</strong></span> <span class='ocrx_word' id='word_1_228' title='bbox 1082 2739 1222 2804; x_wconf 90' lang='lat' dir='ltr'><strong>advenit.</strong></span> 
     </span>
    </p>
   </div>
   <div class='ocr_carea' id='block_1_4' title="bbox 170 3005 1308 3178">
    <p class='ocr_par' dir='ltr' id='par_1_4' title="bbox 170 3005 1308 3178">
     <span class='ocr_line' id='line_1_28' title="bbox 170 3005 1308 3090; baseline -0.003 -18"><span class='ocrx_word' id='word_1_229' title='bbox 170 3007 267 3073; x_wconf 86' lang='lat' dir='ltr'><strong>CAP.</strong></span> <span class='ocrx_word' id='word_1_230' title='bbox 293 3006 355 3070; x_wconf 88' lang='lat' dir='ltr'><strong>CX</strong></span> <span class='ocrx_word' id='word_1_231' title='bbox 358 3005 387 3069; x_wconf 88' lang='lat' dir='ltr'><em>V</em></span> <span class='ocrx_word' id='word_1_232' title='bbox 385 3007 528 3069; x_wconf 79' lang='lat' dir='ltr'><strong>IL—De</strong></span> <span class='ocrx_word' id='word_1_233' title='bbox 535 3007 662 3090; x_wconf 77' lang='lat' dir='ltr'><strong>flnmtm</strong></span> <span class='ocrx_word' id='word_1_234' title='bbox 676 3012 791 3070; x_wconf 71' lang='lat' dir='ltr'><strong>neonis</strong></span> <span class='ocrx_word' id='word_1_235' title='bbox 800 3010 949 3088; x_wconf 81' lang='lat' dir='ltr'><strong>pariente,</strong></span> <span class='ocrx_word' id='word_1_236' title='bbox 966 3017 1139 3088; x_wconf 81' lang='lat' dir='ltr'><strong>sonatoper</strong></span> <span class='ocrx_word' id='word_1_237' title='bbox 1148 3007 1308 3088; x_wconf 83' lang='lat' dir='ltr'><strong>pulverem</strong></span> 
     </span>
     <span class='ocr_line' id='line_1_29' title="bbox 358 3096 1114 3178; baseline 0.001 -21"><span class='ocrx_word' id='word_1_238' title='bbox 358 3096 501 3157; x_wconf 81' lang='lat' dir='ltr'><strong>ahrasum</strong></span> <span class='ocrx_word' id='word_1_239' title='bbox 516 3097 553 3157; x_wconf 84' lang='lat' dir='ltr'><strong>de</strong></span> <span class='ocrx_word' id='word_1_240' title='bbox 566 3097 698 3178; x_wconf 82' lang='lat' dir='ltr'><strong>quodam</strong></span> <span class='ocrx_word' id='word_1_241' title='bbox 712 3096 818 3160; x_wconf 79' lang='lat' dir='ltr'><strong>Sancti</strong></span> <span class='ocrx_word' id='word_1_242' title='bbox 834 3097 988 3159; x_wconf 75' lang='lat' dir='ltr'><strong>Cuthberti</strong></span> <span class='ocrx_word' id='word_1_243' title='bbox 1001 3098 1114 3177; x_wconf 80' lang='lat' dir='ltr'><strong>lapide.</strong></span> 
     </span>
    </p>
   </div>
   <div class='ocr_carea' id='block_1_5' title="bbox 168 3267 1311 4500">
    <p class='ocr_par' dir='ltr' id='par_1_5' title="bbox 168 3267 1311 4500">
     <span class='ocr_line' id='line_1_30' title="bbox 216 3267 1308 3353; baseline 0.001 -22"><span class='ocrx_word' id='word_1_244' title='bbox 216 3268 356 3343; x_wconf 85' lang='lat' dir='ltr'><strong>Quidem</strong></span> <span class='ocrx_word' id='word_1_245' title='bbox 375 3268 415 3332; x_wconf 90' lang='lat' dir='ltr'><strong>de</strong></span> <span class='ocrx_word' id='word_1_246' title='bbox 434 3281 518 3332; x_wconf 87' lang='lat' dir='ltr'><strong>coetu</strong></span> <span class='ocrx_word' id='word_1_247' title='bbox 538 3269 670 3333; x_wconf 84' lang='lat' dir='ltr'><strong>fratrum</strong></span> <span class='ocrx_word' id='word_1_248' title='bbox 691 3269 915 3335; x_wconf 90' lang='lat' dir='ltr'><strong>Dunelmensis</strong></span> <span class='ocrx_word' id='word_1_249' title='bbox 942 3268 1104 3346; x_wconf 86' lang='lat' dir='ltr'><strong>Ecclesiae,</strong></span> <span class='ocrx_word' id='word_1_250' title='bbox 1125 3267 1157 3332; x_wconf 86' lang='lat' dir='ltr'><strong>in</strong></span> <span class='ocrx_word' id='word_1_251' title='bbox 1179 3281 1308 3353; x_wconf 89' lang='lat' dir='ltr'><strong>septen-</strong></span> 
     </span>
     <span class='ocr_line' id='line_1_31' title="bbox 168 3356 1306 3435; baseline -0.002 -14"><span class='ocrx_word' id='word_1_252' title='bbox 168 3356 286 3421; x_wconf 87' lang='lat' dir='ltr'><strong>triones</strong></span> <span class='ocrx_word' id='word_1_253' title='bbox 320 3357 398 3420; x_wconf 88' lang='lat' dir='ltr'><strong>fines</strong></span> <span class='ocrx_word' id='word_1_254' title='bbox 435 3356 617 3434; x_wconf 75' lang='lat' dir='ltr'><strong>devenienS,</strong></span> <span class='ocrx_word' id='word_1_255' title='bbox 650 3358 821 3435; x_wconf 89' lang='lat' dir='ltr'><strong>devotione</strong></span> <span class='ocrx_word' id='word_1_256' title='bbox 854 3357 948 3422; x_wconf 89' lang='lat' dir='ltr'><strong>Beati</strong></span> <span class='ocrx_word' id='word_1_257' title='bbox 979 3356 1149 3422; x_wconf 88' lang='lat' dir='ltr'><strong>Cuthberti</strong></span> <span class='ocrx_word' id='word_1_258' title='bbox 1180 3356 1306 3434; x_wconf 90' lang='lat' dir='ltr'><strong>ductus,</strong></span> 
     </span>
     <span class='ocr_line' id='line_1_32' title="bbox 168 3443 1307 3530; baseline 0 -22"><span class='ocrx_word' id='word_1_259' title='bbox 168 3444 303 3519; x_wconf 86' lang='lat' dir='ltr'><strong>insulam</strong></span> <span class='ocrx_word' id='word_1_260' title='bbox 332 3444 488 3508; x_wconf 88' lang='lat' dir='ltr'><strong>Farneam</strong></span> <span class='ocrx_word' id='word_1_261' title='bbox 513 3445 641 3529; x_wconf 86' lang='lat' dir='ltr'><strong>navigio</strong></span> <span class='ocrx_word' id='word_1_262' title='bbox 671 3446 822 3509; x_wconf 87' lang='lat' dir='ltr'><strong>devectus</strong></span> <span class='ocrx_word' id='word_1_263' title='bbox 846 3446 943 3530; x_wconf 90' lang='lat' dir='ltr'><strong>coepit</strong></span> <span class='ocrx_word' id='word_1_264' title='bbox 973 3445 1072 3510; x_wconf 91' lang='lat' dir='ltr'><strong>adire.</strong></span> <span class='ocrx_word' id='word_1_265' title='bbox 1120 3443 1187 3510; x_wconf 93' lang='lat' dir='ltr'><strong>Ubi</strong></span> <span class='ocrx_word' id='word_1_266' title='bbox 1217 3444 1307 3520; x_wconf 91' lang='lat' dir='ltr'><strong>dnm,</strong></span> 
     </span>
     <span class='ocr_line' id='line_1_33' title="bbox 169 3532 1311 3619; baseline -0.002 -23"><span class='ocrx_word' id='word_1_267' title='bbox 169 3547 241 3618; x_wconf 91' lang='lat' dir='ltr'><strong>post</strong></span> <span class='ocrx_word' id='word_1_268' title='bbox 256 3532 389 3596; x_wconf 88' lang='lat' dir='ltr'><strong>fratrum</strong></span> <span class='ocrx_word' id='word_1_269' title='bbox 412 3532 456 3596; x_wconf 92' lang='lat' dir='ltr'><strong>ibi</strong></span> <span class='ocrx_word' id='word_1_270' title='bbox 478 3533 684 3597; x_wconf 88' lang='lat' dir='ltr'><strong>residentium</strong></span> <span class='ocrx_word' id='word_1_271' title='bbox 707 3533 828 3598; x_wconf 93' lang='lat' dir='ltr'><strong>monita</strong></span> <span class='ocrx_word' id='word_1_272' title='bbox 850 3555 886 3598; x_wconf 91' lang='lat' dir='ltr'><strong>ac</strong></span> <span class='ocrx_word' id='word_1_273' title='bbox 910 3533 1078 3619; x_wconf 91' lang='lat' dir='ltr'><strong>colloquia,</strong></span> <span class='ocrx_word' id='word_1_274' title='bbox 1095 3555 1209 3596; x_wconf 82' lang='lat' dir='ltr'><strong>navem</strong></span> <span class='ocrx_word' id='word_1_275' title='bbox 1233 3555 1311 3596; x_wconf 83' lang='lat' dir='ltr'><strong>con-</strong></span> 
     </span>
     <span class='ocr_line' id='line_1_34' title="bbox 170 3620 1308 3707; baseline -0.001 -23"><span class='ocrx_word' id='word_1_276' title='bbox 170 3621 322 3685; x_wconf 88' lang='lat' dir='ltr'><strong>scendere</strong></span> <span class='ocrx_word' id='word_1_277' title='bbox 337 3633 522 3697; x_wconf 90' lang='lat' dir='ltr'><strong>maturaret,</strong></span> <span class='ocrx_word' id='word_1_278' title='bbox 539 3621 667 3707; x_wconf 92' lang='lat' dir='ltr'><strong>quidam</strong></span> <span class='ocrx_word' id='word_1_279' title='bbox 683 3621 814 3685; x_wconf 88' lang='lat' dir='ltr'><strong>clericus</strong></span> <span class='ocrx_word' id='word_1_280' title='bbox 830 3620 973 3685; x_wconf 91' lang='lat' dir='ltr'><strong>minister</strong></span> <span class='ocrx_word' id='word_1_281' title='bbox 987 3620 1084 3706; x_wconf 84' lang='lat' dir='ltr'><strong>ipsius</strong></span> <span class='ocrx_word' id='word_1_282' title='bbox 1105 3620 1147 3684; x_wconf 92' lang='lat' dir='ltr'><strong>ad</strong></span> <span class='ocrx_word' id='word_1_283' title='bbox 1169 3620 1308 3704; x_wconf 90' lang='lat' dir='ltr'><strong>lapidem</strong></span> 
     </span>
     <span class='ocr_line' id='line_1_35' title="bbox 170 3708 1311 3796; baseline -0.004 -22"><span class='ocrx_word' id='word_1_284' title='bbox 170 3709 380 3795; x_wconf 86' lang='lat' dir='ltr'><strong>pergrandem</strong></span> <span class='ocrx_word' id='word_1_285' title='bbox 405 3708 576 3773; x_wconf 87' lang='lat' dir='ltr'><strong>admiratus</strong></span> <span class='ocrx_word' id='word_1_286' title='bbox 601 3712 745 3787; x_wconf 89' lang='lat' dir='ltr'><strong>accessit,</strong></span> <span class='ocrx_word' id='word_1_287' title='bbox 762 3732 857 3796; x_wconf 90' lang='lat' dir='ltr'><strong>quem</strong></span> <span class='ocrx_word' id='word_1_288' title='bbox 876 3710 1037 3795; x_wconf 89' lang='lat' dir='ltr'><strong>quondam</strong></span> <span class='ocrx_word' id='word_1_289' title='bbox 1065 3710 1199 3772; x_wconf 88' lang='lat' dir='ltr'><strong>Sanctus</strong></span> <span class='ocrx_word' id='word_1_290' title='bbox 1223 3710 1311 3773; x_wconf 88' lang='lat' dir='ltr'><strong>Con-</strong></span> 
     </span>
     <span class='ocr_line' id='line_1_36' title="bbox 171 3795 1309 3881; baseline -0.004 -18"><span class='ocrx_word' id='word_1_291' title='bbox 171 3797 271 3863; x_wconf 87' lang='lat' dir='ltr'><strong>fessor</strong></span> <span class='ocrx_word' id='word_1_292' title='bbox 296 3795 424 3860; x_wconf 91' lang='lat' dir='ltr'><strong>Domini</strong></span> <span class='ocrx_word' id='word_1_293' title='bbox 455 3797 660 3875; x_wconf 87' lang='lat' dir='ltr'><strong>Cuthbertus,</strong></span> <span class='ocrx_word' id='word_1_294' title='bbox 678 3797 821 3881; x_wconf 88' lang='lat' dir='ltr'><strong>angelico</strong></span> <span class='ocrx_word' id='word_1_295' title='bbox 837 3797 936 3861; x_wconf 89' lang='lat' dir='ltr'><strong>fretus</strong></span> <span class='ocrx_word' id='word_1_296' title='bbox 959 3796 1091 3872; x_wconf 87' lang='lat' dir='ltr'><strong>auxilio,</strong></span> <span class='ocrx_word' id='word_1_297' title='bbox 1112 3795 1240 3859; x_wconf 88' lang='lat' dir='ltr'><strong>aedificii</strong></span> <span class='ocrx_word' id='word_1_298' title='bbox 1260 3795 1309 3861; x_wconf 88' lang='lat' dir='ltr'><strong>sui</strong></span> 
     </span>
     <span class='ocr_line' id='line_1_37' title="bbox 171 3883 1309 3971; baseline -0.002 -20"><span class='ocrx_word' id='word_1_299' title='bbox 171 3909 263 3951; x_wconf 91' lang='lat' dir='ltr'><strong>muro</strong></span> <span class='ocrx_word' id='word_1_300' title='bbox 275 3884 360 3948; x_wconf 91' lang='lat' dir='ltr'><strong>solus</strong></span> <span class='ocrx_word' id='word_1_301' title='bbox 372 3884 532 3968; x_wconf 91' lang='lat' dir='ltr'><strong>imposuit.</strong></span> <span class='ocrx_word' id='word_1_302' title='bbox 581 3885 677 3950; x_wconf 91' lang='lat' dir='ltr'><strong>Unde</strong></span> <span class='ocrx_word' id='word_1_303' title='bbox 693 3885 922 3971; x_wconf 88' lang='lat' dir='ltr'><strong>aliquantulum</strong></span> <span class='ocrx_word' id='word_1_304' title='bbox 934 3886 1071 3970; x_wconf 87' lang='lat' dir='ltr'><strong>pulveris</strong></span> <span class='ocrx_word' id='word_1_305' title='bbox 1087 3883 1183 3969; x_wconf 90' lang='lat' dir='ltr'><strong>coepit</strong></span> <span class='ocrx_word' id='word_1_306' title='bbox 1195 3883 1256 3948; x_wconf 91' lang='lat' dir='ltr'><strong>sibi</strong></span> <span class='ocrx_word' id='word_1_307' title='bbox 1268 3885 1309 3949; x_wconf 89' lang='lat' dir='ltr'><strong>de</strong></span> 
     </span>
     <span class='ocr_line' id='line_1_38' title="bbox 172 3971 1310 4062; baseline -0.002 -23"><span class='ocrx_word' id='word_1_308' title='bbox 172 3975 239 4062; x_wconf 68' lang='lat' dir='ltr'><strong>ipsa</strong></span> <span class='ocrx_word' id='word_1_309' title='bbox 254 3972 322 4037; x_wconf 92' lang='lat' dir='ltr'><strong>saxi</strong></span> <span class='ocrx_word' id='word_1_310' title='bbox 337 3972 468 4048; x_wconf 89' lang='lat' dir='ltr'><strong>duricie,</strong></span> <span class='ocrx_word' id='word_1_311' title='bbox 480 3972 593 4059; x_wconf 92' lang='lat' dir='ltr'><strong>quibus</strong></span> <span class='ocrx_word' id='word_1_312' title='bbox 609 3986 734 4057; x_wconf 88' lang='lat' dir='ltr'><strong>poterat</strong></span> <span class='ocrx_word' id='word_1_313' title='bbox 750 3973 863 4051; x_wconf 89' lang='lat' dir='ltr'><strong>modis,</strong></span> <span class='ocrx_word' id='word_1_314' title='bbox 877 3973 951 4036; x_wconf 88' lang='lat' dir='ltr'><strong>licet</strong></span> <span class='ocrx_word' id='word_1_315' title='bbox 961 3971 1139 4049; x_wconf 89' lang='lat' dir='ltr'><strong>difficulter,</strong></span> <span class='ocrx_word' id='word_1_316' title='bbox 1151 3973 1310 4057; x_wconf 86' lang='lat' dir='ltr'><strong>scalpere;</strong></span> 
     </span>
     <span class='ocr_line' id='line_1_39' title="bbox 172 4059 1311 4147; baseline -0.004 -19"><span class='ocrx_word' id='word_1_317' title='bbox 172 4063 304 4128; x_wconf 87' lang='lat' dir='ltr'><strong>credens</strong></span> <span class='ocrx_word' id='word_1_318' title='bbox 333 4060 424 4125; x_wconf 88' lang='lat' dir='ltr'><strong>Beati</strong></span> <span class='ocrx_word' id='word_1_319' title='bbox 451 4060 620 4125; x_wconf 87' lang='lat' dir='ltr'><strong>Cuthberti</strong></span> <span class='ocrx_word' id='word_1_320' title='bbox 647 4060 766 4125; x_wconf 89' lang='lat' dir='ltr'><strong>meritis</strong></span> <span class='ocrx_word' id='word_1_321' title='bbox 792 4060 880 4124; x_wconf 90' lang='lat' dir='ltr'><strong>illum</strong></span> <span class='ocrx_word' id='word_1_322' title='bbox 903 4059 1311 4147; x_wconf 88' lang='lat' dir='ltr'><strong>aliquibus.aegrotantibus</strong></span> 
     </span>
     <span class='ocr_line' id='line_1_40' title="bbox 173 4147 1310 4238; baseline -0.004 -22"><span class='ocrx_word' id='word_1_323' title='bbox 173 4174 265 4238; x_wconf 90' lang='lat' dir='ltr'><strong>posse</strong></span> <span class='ocrx_word' id='word_1_324' title='bbox 278 4149 307 4212; x_wconf 91' lang='lat' dir='ltr'><strong>in</strong></span> <span class='ocrx_word' id='word_1_325' title='bbox 321 4163 483 4234; x_wconf 90' lang='lat' dir='ltr'><strong>posterum</strong></span> <span class='ocrx_word' id='word_1_326' title='bbox 498 4149 676 4213; x_wconf 88' lang='lat' dir='ltr'><strong>subvenire.</strong></span> <span class='ocrx_word' id='word_1_327' title='bbox 723 4148 786 4213; x_wconf 90' lang='lat' dir='ltr'><strong>Die</strong></span> <span class='ocrx_word' id='word_1_328' title='bbox 801 4148 898 4234; x_wconf 88' lang='lat' dir='ltr'><strong>igitur</strong></span> <span class='ocrx_word' id='word_1_329' title='bbox 910 4147 1065 4235; x_wconf 89' lang='lat' dir='ltr'><strong>sequenti,</strong></span> <span class='ocrx_word' id='word_1_330' title='bbox 1083 4147 1115 4211; x_wconf 94' lang='lat' dir='ltr'><strong>in</strong></span> <span class='ocrx_word' id='word_1_331' title='bbox 1130 4149 1310 4233; x_wconf 86' lang='lat' dir='ltr'><strong>proximam</strong></span> 
     </span>
     <span class='ocr_line' id='line_1_41' title="bbox 173 4235 1310 4323; baseline -0.004 -19"><span class='ocrx_word' id='word_1_332' title='bbox 173 4240 289 4315; x_wconf 88' lang='lat' dir='ltr'><strong>villam,</strong></span> <span class='ocrx_word' id='word_1_333' title='bbox 304 4237 335 4300; x_wconf 94' lang='lat' dir='ltr'><strong>in</strong></span> <span class='ocrx_word' id='word_1_334' title='bbox 351 4237 413 4323; x_wconf 74' lang='lat' dir='ltr'><strong>qual</strong></span> <span class='ocrx_word' id='word_1_335' title='bbox 435 4235 588 4323; x_wconf 91' lang='lat' dir='ltr'><strong>quosdam</strong></span> <span class='ocrx_word' id='word_1_336' title='bbox 610 4236 778 4301; x_wconf 84' lang='lat' dir='ltr'><strong>familiares</strong></span> <span class='ocrx_word' id='word_1_337' title='bbox 800 4236 898 4301; x_wconf 87' lang='lat' dir='ltr'><strong>frater</strong></span> <span class='ocrx_word' id='word_1_338' title='bbox 912 4236 965 4300; x_wconf 89' lang='lat' dir='ltr'><strong>ille</strong></span> <span class='ocrx_word' id='word_1_339' title='bbox 980 4237 1102 4314; x_wconf 90' lang='lat' dir='ltr'><strong>habuit,</strong></span> <span class='ocrx_word' id='word_1_340' title='bbox 1119 4235 1310 4321; x_wconf 90' lang='lat' dir='ltr'><strong>hospitaturi</strong></span> 
     </span>
     <span class='ocr_line' id='line_1_42' title="bbox 174 4323 1309 4416; baseline -0.006 -24"><span class='ocrx_word' id='word_1_341' title='bbox 174 4325 406 4416; x_wconf 89' lang='lat' dir='ltr'><strong>provenientes,</strong></span> <span class='ocrx_word' id='word_1_342' title='bbox 423 4324 581 4411; x_wconf 88' lang='lat' dir='ltr'><strong>quendam</strong></span> <span class='ocrx_word' id='word_1_343' title='bbox 603 4347 766 4389; x_wconf 88' lang='lat' dir='ltr'><strong>servorum</strong></span> <span class='ocrx_word' id='word_1_344' title='bbox 789 4324 901 4388; x_wconf 73' lang='lat' dir='ltr'><strong>domirs</strong></span> <span class='ocrx_word' id='word_1_345' title='bbox 925 4323 1051 4409; x_wconf 75' lang='lat' dir='ltr'><strong>gravibs</strong></span> <span class='ocrx_word' id='word_1_346' title='bbox 1075 4324 1165 4387; x_wconf 89' lang='lat' dir='ltr'><strong>fluxu</strong></span> <span class='ocrx_word' id='word_1_347' title='bbox 1189 4323 1309 4389; x_wconf 88' lang='lat' dir='ltr'><strong>ventris</strong></span> 
     </span>
     <span class='ocr_line' id='line_1_43' title="bbox 174 4411 1309 4500; baseline -0.004 -21"><span class='ocrx_word' id='word_1_348' title='bbox 174 4425 383 4500; x_wconf 80' lang='lat' dir='ltr'><strong>aegrotantem</strong></span> <span class='ocrx_word' id='word_1_349' title='bbox 397 4411 559 4497; x_wconf 89' lang='lat' dir='ltr'><strong>reperiunt</strong></span> <span class='ocrx_word' id='word_1_350' title='bbox 571 4435 579 4487; x_wconf 78' lang='lat'>3</span> <span class='ocrx_word' id='word_1_351' title='bbox 602 4426 732 4497; x_wconf 85' lang='lat' dir='ltr'><strong>propter</strong></span> <span class='ocrx_word' id='word_1_352' title='bbox 747 4413 835 4496; x_wconf 87' lang='lat' dir='ltr'><strong>cujus</strong></span> <span class='ocrx_word' id='word_1_353' title='bbox 851 4435 944 4476; x_wconf 89' lang='lat' dir='ltr'><strong>voces</strong></span> <span class='ocrx_word' id='word_1_354' title='bbox 956 4412 1152 4497; x_wconf 90' lang='lat' dir='ltr'><strong>importunas</strong></span> <span class='ocrx_word' id='word_1_355' title='bbox 1161 4411 1309 4499; x_wconf 81' lang='lat' dir='ltr'><strong>quemlas</strong></span> 
     </span>
    </p>
   </div>
   <div class='ocr_carea' id='block_1_6' title="bbox 0 0 1482 4966">
    <p class='ocr_par' dir='ltr' id='par_1_6' title="bbox 0 0 1482 4966">
     <span class='ocr_line' id='line_1_44' title="bbox 0 0 1482 4966; baseline 0 0"><span class='ocrx_word' id='word_1_356' title='bbox 0 0 1482 4966; x_wconf 95' lang='lat' dir='ltr'><strong> </strong></span> 
     </span>
    </p>
   </div>
  </div>
 </body>
</html>
