<?xml version="1.0" encoding="UTF-8"?>
<!DOCTYPE html PUBLIC "-//W3C//DTD XHTML 1.0 Transitional//EN"
    "http://www.w3.org/TR/xhtml1/DTD/xhtml1-transitional.dtd">
<html xmlns="http://www.w3.org/1999/xhtml" xml:lang="en" lang="en">
 <head>
  <title>
</title>
<meta http-equiv="Content-Type" content="text/html;charset=utf-8" />
  <meta name='ocr-system' content='tesseract 3.04.00' />
  <meta name='ocr-capabilities' content='ocr_page ocr_carea ocr_par ocr_line ocrx_word'/>
</head>
<body>
  <div class='ocr_page' id='page_1' title='image "./reginaldimonach00regigoog_0281.png"; bbox 0 0 2924 4966; ppageno 0'>
   <div class='ocr_carea' id='block_1_1' title="bbox 140 308 928 384">
    <p class='ocr_par' dir='ltr' id='par_1_1' title="bbox 140 308 928 384">
     <span class='ocr_line' id='line_1_1' title="bbox 140 308 928 384; baseline -0.004 -3"><span class='ocrx_word' id='word_1_1' title='bbox 140 308 216 384; x_wconf 69' lang='lat' dir='ltr'>‘ibt</span> <span class='ocrx_word' id='word_1_2' title='bbox 502 331 717 382; x_wconf 72' lang='lat' dir='ltr'>uenturum</span> <span class='ocrx_word' id='word_1_3' title='bbox 745 329 928 380; x_wconf 75' lang='lat' dir='ltr'>nouacur</span> 
     </span>
    </p>
   </div>
   <div class='ocr_carea' id='block_1_2' title="bbox 142 493 1292 758">
    <p class='ocr_par' dir='ltr' id='par_1_2' title="bbox 142 493 1292 758">
     <span class='ocr_line' id='line_1_2' title="bbox 142 493 1291 593; baseline -0.003 -32"><span class='ocrx_word' id='word_1_4' title='bbox 142 520 199 562; x_wconf 89' lang='lat' dir='ltr'>ora</span> <span class='ocrx_word' id='word_1_5' title='bbox 216 497 298 561; x_wconf 90' lang='lat' dir='ltr'>illius</span> <span class='ocrx_word' id='word_1_6' title='bbox 321 497 506 581; x_wconf 66' lang='lat' dir='ltr'>degustasse</span> <span class='ocrx_word' id='word_1_7' title='bbox 530 497 759 561; x_wconf 88' lang='lat' dir='ltr'>dissueverant.</span> <span class='ocrx_word' id='word_1_8' title='bbox 808 495 911 558; x_wconf 86' lang='lat' dir='ltr'>Sanus</span> <span class='ocrx_word' id='word_1_9' title='bbox 933 495 1043 593; x_wconf 84' lang='lat' dir='ltr'>itaque</span> <span class='ocrx_word' id='word_1_10' title='bbox 1066 506 1099 557; x_wconf 96' lang='lat' dir='ltr'>et</span> <span class='ocrx_word' id='word_1_11' title='bbox 1123 493 1291 558; x_wconf 87' lang='lat' dir='ltr'>incolumis</span> 
     </span>
     <span class='ocr_line' id='line_1_3' title="bbox 142 581 1292 672; baseline -0.003 -23"><span class='ocrx_word' id='word_1_12' title='bbox 142 586 272 649; x_wconf 95' lang='lat' dir='ltr'>domum</span> <span class='ocrx_word' id='word_1_13' title='bbox 288 608 360 649; x_wconf 91' lang='lat' dir='ltr'>cum</span> <span class='ocrx_word' id='word_1_14' title='bbox 374 585 493 670; x_wconf 89' lang='lat' dir='ltr'>gaudio</span> <span class='ocrx_word' id='word_1_15' title='bbox 508 585 613 664; x_wconf 92' lang='lat' dir='ltr'>rediit,</span> <span class='ocrx_word' id='word_1_16' title='bbox 627 585 681 672; x_wconf 88' lang='lat' dir='ltr'>qui</span> <span class='ocrx_word' id='word_1_17' title='bbox 696 597 837 670; x_wconf 83' lang='lat' dir='ltr'>aegrotus</span> <span class='ocrx_word' id='word_1_18' title='bbox 849 605 886 647; x_wconf 87' lang='lat' dir='ltr'>ac</span> <span class='ocrx_word' id='word_1_19' title='bbox 899 582 1013 646; x_wconf 86' lang='lat' dir='ltr'>debilrs</span> <span class='ocrx_word' id='word_1_20' title='bbox 1025 581 1080 646; x_wconf 76' lang='lat' dir='ltr'>illo</span> <span class='ocrx_word' id='word_1_21' title='bbox 1093 584 1292 646; x_wconf 91' lang='lat' dir='ltr'>cumdolore</span> 
     </span>
     <span class='ocr_line' id='line_1_4' title="bbox 143 673 630 758; baseline -0.002 -20"><span class='ocrx_word' id='word_1_22' title='bbox 143 674 284 739; x_wconf 86' lang='lat' dir='ltr'>maximo</span> <span class='ocrx_word' id='word_1_23' title='bbox 299 697 336 738; x_wconf 88' lang='lat' dir='ltr'>ac</span> <span class='ocrx_word' id='word_1_24' title='bbox 352 675 461 739; x_wconf 87' lang='lat' dir='ltr'>labore</span> <span class='ocrx_word' id='word_1_25' title='bbox 474 673 630 758; x_wconf 89' lang='lat' dir='ltr'>pervenit.</span> 
     </span>
    </p>
   </div>
   <div class='ocr_carea' id='block_1_3' title="bbox 147 937 1293 1109">
    <p class='ocr_par' dir='ltr' id='par_1_3' title="bbox 147 937 1293 1109">
     <span class='ocr_line' id='line_1_5' title="bbox 147 937 1293 1019; baseline -0.005 -15"><span class='ocrx_word' id='word_1_26' title='bbox 147 939 246 1005; x_wconf 89' lang='lat' dir='ltr'>CAP.</span> <span class='ocrx_word' id='word_1_27' title='bbox 276 938 498 1002; x_wconf 67' lang='lat' dir='ltr'>CXIX-De</span> <span class='ocrx_word' id='word_1_28' title='bbox 523 939 661 1019; x_wconf 59' lang='lat' dir='ltr'>pardum</span> <span class='ocrx_word' id='word_1_29' title='bbox 689 941 753 1000; x_wconf 78' lang='lat' dir='ltr'>oiri</span> <span class='ocrx_word' id='word_1_30' title='bbox 777 937 912 1018; x_wconf 55' lang='lat' dir='ltr'>conjure,</span> <span class='ocrx_word' id='word_1_31' title='bbox 937 938 1078 999; x_wconf 77' lang='lat' dir='ltr'>similiter</span> <span class='ocrx_word' id='word_1_32' title='bbox 1104 944 1268 1017; x_wconf 80' lang='lat' dir='ltr'>aeprotantc</span> <span class='ocrx_word' id='word_1_33' title='bbox 1278 959 1293 1008; x_wconf 90' lang='lat'>,·</span> 
     </span>
     <span class='ocr_line' id='line_1_6' title="bbox 243 1026 1195 1109; baseline -0.003 -20"><span class='ocrx_word' id='word_1_34' title='bbox 243 1027 389 1109; x_wconf 77' lang='lat' dir='ltr'>quoorodo</span> <span class='ocrx_word' id='word_1_35' title='bbox 404 1028 437 1087; x_wconf 80' lang='lat' dir='ltr'>in</span> <span class='ocrx_word' id='word_1_36' title='bbox 452 1027 609 1090; x_wconf 75' lang='lat' dir='ltr'>Formam</span> <span class='ocrx_word' id='word_1_37' title='bbox 623 1026 763 1088; x_wconf 75' lang='lat' dir='ltr'>rmum</span> <span class='ocrx_word' id='word_1_38' title='bbox 777 1029 901 1100; x_wconf 64' lang='lat' dir='ltr'>venuit</span> <span class='ocrx_word' id='word_1_39' title='bbox 918 1033 948 1087; x_wconf 87' lang='lat' dir='ltr'>et</span> <span class='ocrx_word' id='word_1_40' title='bbox 960 1026 1004 1088; x_wconf 81' lang='lat' dir='ltr'>ibi</span> <span class='ocrx_word' id='word_1_41' title='bbox 1017 1034 1130 1087; x_wconf 84' lang='lat' dir='ltr'>sanata</span> <span class='ocrx_word' id='word_1_42' title='bbox 1145 1027 1195 1086; x_wconf 82' lang='lat' dir='ltr'>sit.</span> 
     </span>
    </p>
   </div>
   <div class='ocr_carea' id='block_1_4' title="bbox 102 1195 1321 4446">
    <p class='ocr_par' dir='ltr' id='par_1_4' title="bbox 149 1195 1305 2427">
     <span class='ocr_line' id='line_1_7' title="bbox 193 1195 1295 1284; baseline -0.006 -19"><span class='ocrx_word' id='word_1_43' title='bbox 193 1200 265 1265; x_wconf 86' lang='lat' dir='ltr'>Nec</span> <span class='ocrx_word' id='word_1_44' title='bbox 281 1199 383 1263; x_wconf 90' lang='lat' dir='ltr'>multo</span> <span class='ocrx_word' id='word_1_45' title='bbox 398 1212 481 1284; x_wconf 93' lang='lat' dir='ltr'>post,</span> <span class='ocrx_word' id='word_1_46' title='bbox 498 1222 582 1263; x_wconf 91' lang='lat' dir='ltr'>uxor</span> <span class='ocrx_word' id='word_1_47' title='bbox 596 1199 694 1284; x_wconf 90' lang='lat' dir='ltr'>ipsius</span> <span class='ocrx_word' id='word_1_48' title='bbox 716 1198 749 1262; x_wconf 94' lang='lat' dir='ltr'>in</span> <span class='ocrx_word' id='word_1_49' title='bbox 770 1221 901 1283; x_wconf 88' lang='lat' dir='ltr'>gravem</span> <span class='ocrx_word' id='word_1_50' title='bbox 916 1197 1146 1282; x_wconf 82' lang='lat' dir='ltr'>desperationis</span> <span class='ocrx_word' id='word_1_51' title='bbox 1165 1195 1295 1281; x_wconf 86' lang='lat' dir='ltr'>aegritu·</span> 
     </span>
     <span class='ocr_line' id='line_1_8' title="bbox 149 1285 1296 1373; baseline -0.006 -20"><span class='ocrx_word' id='word_1_52' title='bbox 149 1289 255 1355; x_wconf 92' lang='lat' dir='ltr'>diuem</span> <span class='ocrx_word' id='word_1_53' title='bbox 267 1287 392 1363; x_wconf 89' lang='lat' dir='ltr'>incidit;</span> <span class='ocrx_word' id='word_1_54' title='bbox 408 1287 462 1373; x_wconf 92' lang='lat' dir='ltr'>qui</span> <span class='ocrx_word' id='word_1_55' title='bbox 478 1288 606 1350; x_wconf 84' lang='lat' dir='ltr'><strong>morbus</strong></span> <span class='ocrx_word' id='word_1_56' title='bbox 622 1286 720 1350; x_wconf 89' lang='lat' dir='ltr'>etiarn</span> <span class='ocrx_word' id='word_1_57' title='bbox 735 1286 866 1350; x_wconf 88' lang='lat' dir='ltr'>medicis</span> <span class='ocrx_word' id='word_1_58' title='bbox 878 1285 1059 1350; x_wconf 86' lang='lat' dir='ltr'>incurabilis</span> <span class='ocrx_word' id='word_1_59' title='bbox 1075 1309 1144 1349; x_wconf 88' lang='lat' dir='ltr'>esse</span> <span class='ocrx_word' id='word_1_60' title='bbox 1160 1307 1296 1349; x_wconf 89' lang='lat' dir='ltr'>consue-</span> 
     </span>
     <span class='ocr_line' id='line_1_9' title="bbox 149 1373 1296 1460; baseline -0.005 -21"><span class='ocrx_word' id='word_1_61' title='bbox 149 1377 207 1440; x_wconf 89' lang='lat' dir='ltr'>vit.</span> <span class='ocrx_word' id='word_1_62' title='bbox 254 1374 381 1460; x_wconf 87' lang='lat' dir='ltr'>Nempe</span> <span class='ocrx_word' id='word_1_63' title='bbox 396 1374 498 1460; x_wconf 73' lang='lat' dir='ltr'>yliaca</span> <span class='ocrx_word' id='word_1_64' title='bbox 520 1373 665 1460; x_wconf 82' lang='lat' dir='ltr'>passione</span> <span class='ocrx_word' id='word_1_65' title='bbox 685 1374 810 1438; x_wconf 92' lang='lat' dir='ltr'>diutino</span> <span class='ocrx_word' id='word_1_66' title='bbox 829 1387 973 1459; x_wconf 90' lang='lat' dir='ltr'>ternpore</span> <span class='ocrx_word' id='word_1_67' title='bbox 992 1374 1203 1449; x_wconf 85' lang='lat' dir='ltr'>laboraverat,</span> <span class='ocrx_word' id='word_1_68' title='bbox 1221 1393 1296 1458; x_wconf 85' lang='lat' dir='ltr'>quae</span> 
     </span>
     <span class='ocr_line' id='line_1_10' title="bbox 150 1459 1296 1546; baseline -0.005 -18"><span class='ocrx_word' id='word_1_69' title='bbox 150 1463 307 1528; x_wconf 84' lang='lat' dir='ltr'>continuis</span> <span class='ocrx_word' id='word_1_70' title='bbox 323 1462 441 1526; x_wconf 83' lang='lat' dir='ltr'>cotidie</span> <span class='ocrx_word' id='word_1_71' title='bbox 457 1462 590 1526; x_wconf 86' lang='lat' dir='ltr'>miseriis</span> <span class='ocrx_word' id='word_1_72' title='bbox 610 1461 651 1527; x_wconf 90' lang='lat' dir='ltr'>ad</span> <span class='ocrx_word' id='word_1_73' title='bbox 674 1462 836 1527; x_wconf 86' lang='lat' dir='ltr'>deteriora</span> <span class='ocrx_word' id='word_1_74' title='bbox 851 1462 1016 1546; x_wconf 88' lang='lat' dir='ltr'>vergebat.</span> <span class='ocrx_word' id='word_1_75' title='bbox 1066 1459 1107 1524; x_wconf 83' lang='lat' dir='ltr'>Et</span> <span class='ocrx_word' id='word_1_76' title='bbox 1123 1460 1197 1546; x_wconf 91' lang='lat' dir='ltr'>quia</span> <span class='ocrx_word' id='word_1_77' title='bbox 1212 1460 1296 1523; x_wconf 90' lang='lat' dir='ltr'>salus</span> 
     </span>
     <span class='ocr_line' id='line_1_11' title="bbox 150 1547 1297 1636; baseline -0.005 -20"><span class='ocrx_word' id='word_1_78' title='bbox 150 1551 375 1636; x_wconf 85' lang='lat' dir='ltr'>languentibus</span> <span class='ocrx_word' id='word_1_79' title='bbox 391 1572 517 1634; x_wconf 83' lang='lat' dir='ltr'>semper</span> <span class='ocrx_word' id='word_1_80' title='bbox 533 1550 564 1612; x_wconf 91' lang='lat' dir='ltr'>in</span> <span class='ocrx_word' id='word_1_81' title='bbox 579 1550 740 1615; x_wconf 89' lang='lat' dir='ltr'>desiderio</span> <span class='ocrx_word' id='word_1_82' title='bbox 762 1549 953 1636; x_wconf 89' lang='lat' dir='ltr'>possidetur,</span> <span class='ocrx_word' id='word_1_83' title='bbox 970 1548 1085 1634; x_wconf 86' lang='lat' dir='ltr'>saepius</span> <span class='ocrx_word' id='word_1_84' title='bbox 1100 1571 1215 1633; x_wconf 91' lang='lat' dir='ltr'>corpus</span> <span class='ocrx_word' id='word_1_85' title='bbox 1237 1547 1297 1610; x_wconf 94' lang='lat' dir='ltr'>hu-</span> 
     </span>
     <span class='ocr_line' id='line_1_12' title="bbox 151 1635 1297 1713; baseline -0.006 -9"><span class='ocrx_word' id='word_1_86' title='bbox 151 1662 281 1704; x_wconf 89' lang='lat' dir='ltr'>manum</span> <span class='ocrx_word' id='word_1_87' title='bbox 306 1638 438 1702; x_wconf 90' lang='lat' dir='ltr'>diversis</span> <span class='ocrx_word' id='word_1_88' title='bbox 463 1638 626 1708; x_wconf 90' lang='lat' dir='ltr'>doloribus</span> <span class='ocrx_word' id='word_1_89' title='bbox 657 1654 690 1703; x_wconf 92' lang='lat' dir='ltr'>et</span> <span class='ocrx_word' id='word_1_90' title='bbox 720 1636 939 1703; x_wconf 88' lang='lat' dir='ltr'>exustionibus</span> <span class='ocrx_word' id='word_1_91' title='bbox 967 1636 1125 1713; x_wconf 90' lang='lat' dir='ltr'>atteritur,</span> <span class='ocrx_word' id='word_1_92' title='bbox 1152 1649 1187 1699; x_wconf 93' lang='lat' dir='ltr'>ut</span> <span class='ocrx_word' id='word_1_93' title='bbox 1213 1635 1297 1698; x_wconf 89' lang='lat' dir='ltr'>salus</span> 
     </span>
     <span class='ocr_line' id='line_1_13' title="bbox 154 1722 1299 1813; baseline -0.006 -22"><span class='ocrx_word' id='word_1_94' title='bbox 154 1727 284 1813; x_wconf 87' lang='lat' dir='ltr'>opinata</span> <span class='ocrx_word' id='word_1_95' title='bbox 298 1726 350 1790; x_wconf 89' lang='lat' dir='ltr'>vel</span> <span class='ocrx_word' id='word_1_96' title='bbox 368 1727 481 1790; x_wconf 85' lang='lat' dir='ltr'>saltem</span> <span class='ocrx_word' id='word_1_97' title='bbox 505 1727 648 1811; x_wconf 91' lang='lat' dir='ltr'>pluribus</span> <span class='ocrx_word' id='word_1_98' title='bbox 671 1726 804 1791; x_wconf 89' lang='lat' dir='ltr'>miseriis</span> <span class='ocrx_word' id='word_1_99' title='bbox 827 1739 1004 1810; x_wconf 89' lang='lat' dir='ltr'>reparetur.</span> <span class='ocrx_word' id='word_1_100' title='bbox 1054 1723 1150 1789; x_wconf 92' lang='lat' dir='ltr'>Unde</span> <span class='ocrx_word' id='word_1_101' title='bbox 1174 1735 1207 1788; x_wconf 89' lang='lat' dir='ltr'>et</span> <span class='ocrx_word' id='word_1_102' title='bbox 1230 1722 1299 1808; x_wconf 90' lang='lat' dir='ltr'>ipsa</span> 
     </span>
     <span class='ocr_line' id='line_1_14' title="bbox 154 1810 1299 1900; baseline -0.006 -20"><span class='ocrx_word' id='word_1_103' title='bbox 154 1814 257 1880; x_wconf 76' lang='lat' dir='ltr'>acrius</span> <span class='ocrx_word' id='word_1_104' title='bbox 273 1813 357 1878; x_wconf 88' lang='lat' dir='ltr'>circa</span> <span class='ocrx_word' id='word_1_105' title='bbox 372 1813 439 1899; x_wconf 91' lang='lat' dir='ltr'>ipsa</span> <span class='ocrx_word' id='word_1_106' title='bbox 454 1815 518 1900; x_wconf 89' lang='lat' dir='ltr'>ylia</span> <span class='ocrx_word' id='word_1_107' title='bbox 533 1818 720 1894; x_wconf 87' lang='lat' dir='ltr'>cauteriata,</span> <span class='ocrx_word' id='word_1_108' title='bbox 738 1827 771 1879; x_wconf 92' lang='lat' dir='ltr'>et</span> <span class='ocrx_word' id='word_1_109' title='bbox 786 1813 818 1878; x_wconf 92' lang='lat' dir='ltr'>in</span> <span class='ocrx_word' id='word_1_110' title='bbox 835 1813 908 1899; x_wconf 91' lang='lat' dir='ltr'>ipsis</span> <span class='ocrx_word' id='word_1_111' title='bbox 924 1813 1128 1878; x_wconf 86' lang='lat' dir='ltr'>exustionum</span> <span class='ocrx_word' id='word_1_112' title='bbox 1145 1810 1299 1875; x_wconf 86' lang='lat' dir='ltr'>cicatrici·</span> 
     </span>
     <span class='ocr_line' id='line_1_15' title="bbox 155 1898 1301 1988; baseline -0.006 -21"><span class='ocrx_word' id='word_1_113' title='bbox 155 1904 226 1980; x_wconf 93' lang='lat' dir='ltr'>bus,</span> <span class='ocrx_word' id='word_1_114' title='bbox 244 1902 319 1965; x_wconf 89' lang='lat' dir='ltr'>setis</span> <span class='ocrx_word' id='word_1_115' title='bbox 335 1901 457 1988; x_wconf 90' lang='lat' dir='ltr'>equinis</span> <span class='ocrx_word' id='word_1_116' title='bbox 478 1902 645 1988; x_wconf 83' lang='lat' dir='ltr'>tripliciter</span> <span class='ocrx_word' id='word_1_117' title='bbox 663 1903 788 1967; x_wconf 88' lang='lat' dir='ltr'>intortis</span> <span class='ocrx_word' id='word_1_118' title='bbox 804 1916 838 1966; x_wconf 90' lang='lat' dir='ltr'>et</span> <span class='ocrx_word' id='word_1_119' title='bbox 853 1901 979 1966; x_wconf 88' lang='lat' dir='ltr'>deintro</span> <span class='ocrx_word' id='word_1_120' title='bbox 999 1899 1164 1984; x_wconf 88' lang='lat' dir='ltr'>impositis,</span> <span class='ocrx_word' id='word_1_121' title='bbox 1180 1898 1301 1983; x_wconf 89' lang='lat' dir='ltr'>gravis-</span> 
     </span>
     <span class='ocr_line' id='line_1_16' title="bbox 156 1986 1301 2056; baseline -0.004 -3"><span class='ocrx_word' id='word_1_122' title='bbox 156 1991 234 2056; x_wconf 73' lang='lat' dir='ltr'>sime</span> <span class='ocrx_word' id='word_1_123' title='bbox 250 1989 369 2054; x_wconf 83' lang='lat' dir='ltr'>diutius</span> <span class='ocrx_word' id='word_1_124' title='bbox 385 2003 433 2054; x_wconf 89' lang='lat' dir='ltr'>est</span> <span class='ocrx_word' id='word_1_125' title='bbox 449 1990 577 2055; x_wconf 85' lang='lat' dir='ltr'>afflicta.</span> <span class='ocrx_word' id='word_1_126' title='bbox 626 1991 773 2056; x_wconf 90' lang='lat' dir='ltr'>Credidit</span> <span class='ocrx_word' id='word_1_127' title='bbox 792 1990 876 2054; x_wconf 92' lang='lat' dir='ltr'>enim</span> <span class='ocrx_word' id='word_1_128' title='bbox 896 2013 930 2054; x_wconf 90' lang='lat' dir='ltr'>se</span> <span class='ocrx_word' id='word_1_129' title='bbox 952 1988 1012 2052; x_wconf 91' lang='lat' dir='ltr'>biis</span> <span class='ocrx_word' id='word_1_130' title='bbox 1028 1987 1195 2052; x_wconf 88' lang='lat' dir='ltr'>medicinae</span> <span class='ocrx_word' id='word_1_131' title='bbox 1211 1986 1301 2050; x_wconf 94' lang='lat' dir='ltr'>dolo-</span> 
     </span>
     <span class='ocr_line' id='line_1_17' title="bbox 157 2075 1302 2164; baseline -0.005 -21"><span class='ocrx_word' id='word_1_132' title='bbox 157 2078 244 2143; x_wconf 89' lang='lat' dir='ltr'>ribus</span> <span class='ocrx_word' id='word_1_133' title='bbox 268 2077 460 2142; x_wconf 89' lang='lat' dir='ltr'>infirmitatis</span> <span class='ocrx_word' id='word_1_134' title='bbox 484 2078 616 2141; x_wconf 85' lang='lat' dir='ltr'>diutiuae</span> <span class='ocrx_word' id='word_1_135' title='bbox 640 2102 733 2164; x_wconf 89' lang='lat' dir='ltr'>posse</span> <span class='ocrx_word' id='word_1_136' title='bbox 759 2077 901 2142; x_wconf 89' lang='lat' dir='ltr'>miserias</span> <span class='ocrx_word' id='word_1_137' title='bbox 925 2076 1077 2153; x_wconf 87' lang='lat' dir='ltr'>delenire,</span> <span class='ocrx_word' id='word_1_138' title='bbox 1100 2088 1133 2139; x_wconf 91' lang='lat' dir='ltr'>et</span> <span class='ocrx_word' id='word_1_139' title='bbox 1157 2075 1302 2138; x_wconf 88' lang='lat' dir='ltr'>dolorem</span> 
     </span>
     <span class='ocr_line' id='line_1_18' title="bbox 158 2161 1303 2231; baseline -0.004 -1"><span class='ocrx_word' id='word_1_140' title='bbox 158 2165 277 2230; x_wconf 92' lang='lat' dir='ltr'>doloris</span> <span class='ocrx_word' id='word_1_141' title='bbox 293 2165 405 2229; x_wconf 88' lang='lat' dir='ltr'>aculeo</span> <span class='ocrx_word' id='word_1_142' title='bbox 424 2166 633 2230; x_wconf 91' lang='lat' dir='ltr'>diminuendo</span> <span class='ocrx_word' id='word_1_143' title='bbox 651 2166 836 2231; x_wconf 85' lang='lat' dir='ltr'>confodere.</span> <span class='ocrx_word' id='word_1_144' title='bbox 886 2165 951 2229; x_wconf 88' lang='lat' dir='ltr'>Sed</span> <span class='ocrx_word' id='word_1_145' title='bbox 970 2164 1044 2228; x_wconf 92' lang='lat' dir='ltr'>huic</span> <span class='ocrx_word' id='word_1_146' title='bbox 1061 2164 1168 2227; x_wconf 90' lang='lat' dir='ltr'>omnia</span> <span class='ocrx_word' id='word_1_147' title='bbox 1182 2185 1224 2226; x_wconf 87' lang='lat' dir='ltr'>ex</span> <span class='ocrx_word' id='word_1_148' title='bbox 1245 2161 1303 2225; x_wconf 91' lang='lat' dir='ltr'>ad-</span> 
     </span>
     <span class='ocr_line' id='line_1_19' title="bbox 159 2253 1304 2340; baseline -0.003 -24"><span class='ocrx_word' id='word_1_149' title='bbox 159 2276 252 2318; x_wconf 89' lang='lat' dir='ltr'>verso</span> <span class='ocrx_word' id='word_1_150' title='bbox 268 2253 507 2338; x_wconf 87' lang='lat' dir='ltr'>contingebant,</span> <span class='ocrx_word' id='word_1_151' title='bbox 521 2254 597 2340; x_wconf 90' lang='lat' dir='ltr'>quia</span> <span class='ocrx_word' id='word_1_152' title='bbox 611 2254 703 2318; x_wconf 92' lang='lat' dir='ltr'>dolor</span> <span class='ocrx_word' id='word_1_153' title='bbox 718 2254 912 2320; x_wconf 76' lang='lat' dir='ltr'>cauteriatus</span> <span class='ocrx_word' id='word_1_154' title='bbox 924 2275 982 2339; x_wconf 93' lang='lat' dir='ltr'>per</span> <span class='ocrx_word' id='word_1_155' title='bbox 996 2264 1168 2336; x_wconf 87' lang='lat' dir='ltr'>augmenta</span> <span class='ocrx_word' id='word_1_156' title='bbox 1178 2272 1304 2314; x_wconf 89' lang='lat' dir='ltr'>succre-</span> 
     </span>
     <span class='ocr_line' id='line_1_20' title="bbox 159 2337 1305 2427; baseline -0.004 -23"><span class='ocrx_word' id='word_1_157' title='bbox 159 2353 261 2418; x_wconf 89' lang='lat' dir='ltr'>verat,</span> <span class='ocrx_word' id='word_1_158' title='bbox 279 2353 313 2405; x_wconf 92' lang='lat' dir='ltr'>et</span> <span class='ocrx_word' id='word_1_159' title='bbox 334 2341 427 2405; x_wconf 95' lang='lat' dir='ltr'>dolor</span> <span class='ocrx_word' id='word_1_160' title='bbox 448 2341 599 2427; x_wconf 88' lang='lat' dir='ltr'>ylicacus,</span> <span class='ocrx_word' id='word_1_161' title='bbox 618 2342 699 2427; x_wconf 88' lang='lat' dir='ltr'>ignis</span> <span class='ocrx_word' id='word_1_162' title='bbox 718 2356 839 2407; x_wconf 86' lang='lat' dir='ltr'>attactu</span> <span class='ocrx_word' id='word_1_163' title='bbox 863 2341 963 2426; x_wconf 89' lang='lat' dir='ltr'>magis</span> <span class='ocrx_word' id='word_1_164' title='bbox 983 2352 1200 2424; x_wconf 67' lang='lat' dir='ltr'>exasperatus</span> <span class='ocrx_word' id='word_1_165' title='bbox 1218 2337 1305 2405; x_wconf 90' lang='lat' dir='ltr'>infir-</span> 
     </span>
    </p>

    <p class='ocr_par' dir='ltr' id='par_1_5' title="bbox 102 2425 1321 4446">
     <span class='ocr_line' id='line_1_21' title="bbox 138 2425 1306 2512; baseline -0.004 -20"><span class='ocrx_word' id='word_1_166' title='bbox 138 2471 140 2474; x_wconf 45' lang='grc'><strong>&lt;</strong></span> <span class='ocrx_word' id='word_1_167' title='bbox 158 2428 279 2493; x_wconf 87' lang='lat' dir='ltr'>mitatis</span> <span class='ocrx_word' id='word_1_168' title='bbox 294 2428 499 2512; x_wconf 86' lang='lat' dir='ltr'>gravedinem</span> <span class='ocrx_word' id='word_1_169' title='bbox 511 2427 613 2493; x_wconf 73' lang='lat' dir='ltr'>acrius</span> <span class='ocrx_word' id='word_1_170' title='bbox 625 2430 818 2494; x_wconf 90' lang='lat' dir='ltr'>stimulando</span> <span class='ocrx_word' id='word_1_171' title='bbox 834 2429 1006 2493; x_wconf 88' lang='lat' dir='ltr'>sauciabat.</span> <span class='ocrx_word' id='word_1_172' title='bbox 1053 2426 1191 2492; x_wconf 86' lang='lat' dir='ltr'>Proinde</span> <span class='ocrx_word' id='word_1_173' title='bbox 1206 2425 1306 2509; x_wconf 92' lang='lat' dir='ltr'>igitur</span> 
     </span>
     <span class='ocr_line' id='line_1_22' title="bbox 161 2513 1305 2603; baseline -0.006 -22"><span class='ocrx_word' id='word_1_174' title='bbox 161 2515 359 2602; x_wconf 87' lang='lat' dir='ltr'>aegritudinis</span> <span class='ocrx_word' id='word_1_175' title='bbox 382 2515 541 2579; x_wconf 88' lang='lat' dir='ltr'>intestinae</span> <span class='ocrx_word' id='word_1_176' title='bbox 564 2516 716 2582; x_wconf 87' lang='lat' dir='ltr'>saeviente</span> <span class='ocrx_word' id='word_1_177' title='bbox 739 2517 923 2603; x_wconf 86' lang='lat' dir='ltr'>gravedine,</span> <span class='ocrx_word' id='word_1_178' title='bbox 941 2516 1020 2581; x_wconf 89' lang='lat' dir='ltr'>tanti</span> <span class='ocrx_word' id='word_1_179' title='bbox 1043 2514 1155 2580; x_wconf 85' lang='lat' dir='ltr'>caloris</span> <span class='ocrx_word' id='word_1_180' title='bbox 1178 2513 1305 2578; x_wconf 89' lang='lat' dir='ltr'>edatior</span> 
     </span>
     <span class='ocr_line' id='line_1_23' title="bbox 161 2599 1305 2690; baseline -0.007 -20"><span class='ocrx_word' id='word_1_181' title='bbox 161 2607 290 2670; x_wconf 88' lang='lat' dir='ltr'>flamma</span> <span class='ocrx_word' id='word_1_182' title='bbox 312 2603 531 2688; x_wconf 84' lang='lat' dir='ltr'>languentium</span> <span class='ocrx_word' id='word_1_183' title='bbox 546 2604 647 2690; x_wconf 89' lang='lat' dir='ltr'>ylium</span> <span class='ocrx_word' id='word_1_184' title='bbox 669 2605 820 2670; x_wconf 88' lang='lat' dir='ltr'>intestina</span> <span class='ocrx_word' id='word_1_185' title='bbox 838 2605 1055 2683; x_wconf 89' lang='lat' dir='ltr'>succenderat,</span> <span class='ocrx_word' id='word_1_186' title='bbox 1073 2603 1160 2690; x_wconf 95' lang='lat' dir='ltr'>quod</span> <span class='ocrx_word' id='word_1_187' title='bbox 1174 2601 1228 2664; x_wconf 87' lang='lat' dir='ltr'>vix</span> <span class='ocrx_word' id='word_1_188' title='bbox 1247 2599 1305 2665; x_wconf 90' lang='lat' dir='ltr'>ali-</span> 
     </span>
     <span class='ocr_line' id='line_1_24' title="bbox 162 2688 1305 2780; baseline -0.007 -22"><span class='ocrx_word' id='word_1_189' title='bbox 162 2692 290 2780; x_wconf 87' lang='lat' dir='ltr'>quando</span> <span class='ocrx_word' id='word_1_190' title='bbox 306 2690 413 2778; x_wconf 89' lang='lat' dir='ltr'>aliquo</span> <span class='ocrx_word' id='word_1_191' title='bbox 435 2691 593 2776; x_wconf 84' lang='lat' dir='ltr'>refrigerii</span> <span class='ocrx_word' id='word_1_192' title='bbox 615 2715 700 2771; x_wconf 89' lang='lat' dir='ltr'>rore,</span> <span class='ocrx_word' id='word_1_193' title='bbox 718 2694 770 2758; x_wconf 91' lang='lat' dir='ltr'>vel</span> <span class='ocrx_word' id='word_1_194' title='bbox 785 2694 906 2757; x_wconf 88' lang='lat' dir='ltr'>umbrae</span> <span class='ocrx_word' id='word_1_195' title='bbox 921 2691 1121 2777; x_wconf 89' lang='lat' dir='ltr'>subtegmine</span> <span class='ocrx_word' id='word_1_196' title='bbox 1142 2688 1305 2753; x_wconf 88' lang='lat' dir='ltr'>mediante</span> 
     </span>
     <span class='ocr_line' id='line_1_25' title="bbox 161 2775 1307 2865; baseline -0.006 -20"><span class='ocrx_word' id='word_1_197' title='bbox 161 2779 343 2865; x_wconf 85' lang='lat' dir='ltr'>refrigerari</span> <span class='ocrx_word' id='word_1_198' title='bbox 360 2792 521 2864; x_wconf 88' lang='lat' dir='ltr'>potuerat.</span> <span class='ocrx_word' id='word_1_199' title='bbox 569 2780 677 2845; x_wconf 90' lang='lat' dir='ltr'>Calori</span> <span class='ocrx_word' id='word_1_200' title='bbox 698 2781 795 2845; x_wconf 86' lang='lat' dir='ltr'>etiam</span> <span class='ocrx_word' id='word_1_201' title='bbox 814 2781 894 2844; x_wconf 88' lang='lat' dir='ltr'>tanti</span> <span class='ocrx_word' id='word_1_202' title='bbox 918 2781 1039 2845; x_wconf 89' lang='lat' dir='ltr'>ardoris</span> <span class='ocrx_word' id='word_1_203' title='bbox 1062 2775 1307 2862; x_wconf 88' lang='lat' dir='ltr'>intemperantia</span> 
     </span>
     <span class='ocr_line' id='line_1_26' title="bbox 162 2865 1306 2956; baseline -0.008 -22"><span class='ocrx_word' id='word_1_204' title='bbox 162 2869 335 2934; x_wconf 88' lang='lat' dir='ltr'>succedere</span> <span class='ocrx_word' id='word_1_205' title='bbox 350 2881 570 2947; x_wconf 87' lang='lat' dir='ltr'>consueverat,</span> <span class='ocrx_word' id='word_1_206' title='bbox 585 2869 671 2954; x_wconf 93' lang='lat' dir='ltr'>quod</span> <span class='ocrx_word' id='word_1_207' title='bbox 687 2891 746 2933; x_wconf 90' lang='lat' dir='ltr'>nec</span> <span class='ocrx_word' id='word_1_208' title='bbox 762 2869 863 2955; x_wconf 92' lang='lat' dir='ltr'>ipsum</span> <span class='ocrx_word' id='word_1_209' title='bbox 875 2869 1005 2956; x_wconf 92' lang='lat' dir='ltr'>quidem</span> <span class='ocrx_word' id='word_1_210' title='bbox 1019 2865 1149 2931; x_wconf 91' lang='lat' dir='ltr'>humani</span> <span class='ocrx_word' id='word_1_211' title='bbox 1164 2865 1306 2951; x_wconf 90' lang='lat' dir='ltr'>corporis</span> 
     </span>
     <span class='ocr_line' id='line_1_27' title="bbox 162 2953 1309 3044; baseline -0.005 -22"><span class='ocrx_word' id='word_1_212' title='bbox 162 2956 321 3044; x_wconf 88' lang='lat' dir='ltr'>pacientia</span> <span class='ocrx_word' id='word_1_213' title='bbox 336 2954 519 3020; x_wconf 90' lang='lat' dir='ltr'>sustinuisse</span> <span class='ocrx_word' id='word_1_214' title='bbox 535 2957 741 3041; x_wconf 86' lang='lat' dir='ltr'>praevalebat.</span> <span class='ocrx_word' id='word_1_215' title='bbox 790 2955 916 3022; x_wconf 84' lang='lat' dir='ltr'>Exinde</span> <span class='ocrx_word' id='word_1_216' title='bbox 932 2959 977 3020; x_wconf 89' lang='lat' dir='ltr'>ita</span> <span class='ocrx_word' id='word_1_217' title='bbox 991 2955 1089 3040; x_wconf 88' lang='lat' dir='ltr'>frigus</span> <span class='ocrx_word' id='word_1_218' title='bbox 1099 2953 1309 3039; x_wconf 90' lang='lat' dir='ltr'>asperrimum</span> 
     </span>
     <span class='ocr_line' id='line_1_28' title="bbox 162 3039 1308 3127; baseline -0.004 -18"><span class='ocrx_word' id='word_1_219' title='bbox 162 3045 356 3109; x_wconf 88' lang='lat' dir='ltr'>succendere</span> <span class='ocrx_word' id='word_1_220' title='bbox 379 3043 487 3108; x_wconf 88' lang='lat' dir='ltr'>omnia</span> <span class='ocrx_word' id='word_1_221' title='bbox 501 3044 607 3108; x_wconf 88' lang='lat' dir='ltr'>calore</span> <span class='ocrx_word' id='word_1_222' title='bbox 622 3058 656 3109; x_wconf 90' lang='lat' dir='ltr'>et</span> <span class='ocrx_word' id='word_1_223' title='bbox 679 3045 793 3109; x_wconf 89' lang='lat' dir='ltr'>ardore</span> <span class='ocrx_word' id='word_1_224' title='bbox 814 3047 965 3109; x_wconf 90' lang='lat' dir='ltr'>semiusta</span> <span class='ocrx_word' id='word_1_225' title='bbox 981 3067 1046 3108; x_wconf 92' lang='lat' dir='ltr'>non</span> <span class='ocrx_word' id='word_1_226' title='bbox 1068 3041 1202 3119; x_wconf 89' lang='lat' dir='ltr'>destitit,</span> <span class='ocrx_word' id='word_1_227' title='bbox 1219 3039 1308 3127; x_wconf 90' lang='lat' dir='ltr'>quod</span> 
     </span>
     <span class='ocr_line' id='line_1_29' title="bbox 164 3128 1308 3210; baseline -0.006 -12"><span class='ocrx_word' id='word_1_228' title='bbox 164 3136 260 3198; x_wconf 89' lang='lat' dir='ltr'>etiam</span> <span class='ocrx_word' id='word_1_229' title='bbox 276 3132 355 3196; x_wconf 90' lang='lat' dir='ltr'>focis</span> <span class='ocrx_word' id='word_1_230' title='bbox 371 3131 474 3195; x_wconf 89' lang='lat' dir='ltr'>nimiis</span> <span class='ocrx_word' id='word_1_231' title='bbox 490 3131 608 3196; x_wconf 88' lang='lat' dir='ltr'>clibani</span> <span class='ocrx_word' id='word_1_232' title='bbox 622 3133 763 3197; x_wconf 88' lang='lat' dir='ltr'>ardentis</span> <span class='ocrx_word' id='word_1_233' title='bbox 786 3132 884 3196; x_wconf 87' lang='lat' dir='ltr'>instar</span> <span class='ocrx_word' id='word_1_234' title='bbox 899 3132 1048 3210; x_wconf 90' lang='lat' dir='ltr'>accensis,</span> <span class='ocrx_word' id='word_1_235' title='bbox 1065 3129 1205 3194; x_wconf 85' lang='lat' dir='ltr'>calefieri</span> <span class='ocrx_word' id='word_1_236' title='bbox 1221 3128 1308 3192; x_wconf 72' lang='lat' dir='ltr'>nullis</span> 
     </span>
     <span class='ocr_line' id='line_1_30' title="bbox 163 3214 1309 3305; baseline -0.005 -21"><span class='ocrx_word' id='word_1_237' title='bbox 163 3233 233 3284; x_wconf 84' lang='lat' dir='ltr'>arte</span> <span class='ocrx_word' id='word_1_238' title='bbox 249 3219 413 3303; x_wconf 71' lang='lat' dir='ltr'>ingeniosa</span> <span class='ocrx_word' id='word_1_239' title='bbox 435 3219 589 3305; x_wconf 90' lang='lat' dir='ltr'>potuerit.</span> <span class='ocrx_word' id='word_1_240' title='bbox 636 3220 760 3285; x_wconf 89' lang='lat' dir='ltr'>Praeter</span> <span class='ocrx_word' id='word_1_241' title='bbox 778 3221 879 3284; x_wconf 87' lang='lat' dir='ltr'>solam</span> <span class='ocrx_word' id='word_1_242' title='bbox 900 3219 1015 3305; x_wconf 86' lang='lat' dir='ltr'>saepius</span> <span class='ocrx_word' id='word_1_243' title='bbox 1031 3217 1191 3283; x_wconf 89' lang='lat' dir='ltr'>camisiam</span> <span class='ocrx_word' id='word_1_244' title='bbox 1210 3214 1309 3280; x_wconf 88' lang='lat' dir='ltr'>nichil</span> 
     </span>
     <span class='ocr_line' id='line_1_31' title="bbox 165 3306 1309 3393; baseline -0.004 -21"><span class='ocrx_word' id='word_1_245' title='bbox 165 3308 299 3393; x_wconf 91' lang='lat' dir='ltr'>amplius</span> <span class='ocrx_word' id='word_1_246' title='bbox 315 3306 437 3386; x_wconf 90' lang='lat' dir='ltr'>induta,</span> <span class='ocrx_word' id='word_1_247' title='bbox 454 3306 554 3391; x_wconf 89' lang='lat' dir='ltr'>igneis</span> <span class='ocrx_word' id='word_1_248' title='bbox 577 3308 680 3392; x_wconf 90' lang='lat' dir='ltr'>globis</span> <span class='ocrx_word' id='word_1_249' title='bbox 696 3308 915 3374; x_wconf 88' lang='lat' dir='ltr'>vehementius</span> <span class='ocrx_word' id='word_1_250' title='bbox 931 3307 1070 3371; x_wconf 89' lang='lat' dir='ltr'>accensis</span> <span class='ocrx_word' id='word_1_251' title='bbox 1086 3318 1157 3369; x_wconf 89' lang='lat' dir='ltr'>toto</span> <span class='ocrx_word' id='word_1_252' title='bbox 1173 3326 1309 3390; x_wconf 87' lang='lat' dir='ltr'>corpore</span> 
     </span>
     <span class='ocr_line' id='line_1_32' title="bbox 165 3391 1309 3481; baseline -0.005 -22"><span class='ocrx_word' id='word_1_253' title='bbox 165 3395 329 3460; x_wconf 89' lang='lat' dir='ltr'>denudata</span> <span class='ocrx_word' id='word_1_254' title='bbox 343 3409 392 3458; x_wconf 90' lang='lat' dir='ltr'>est</span> <span class='ocrx_word' id='word_1_255' title='bbox 410 3395 572 3480; x_wconf 88' lang='lat' dir='ltr'>applicita,</span> <span class='ocrx_word' id='word_1_256' title='bbox 589 3418 648 3460; x_wconf 85' lang='lat' dir='ltr'>nec</span> <span class='ocrx_word' id='word_1_257' title='bbox 669 3410 777 3461; x_wconf 88' lang='lat' dir='ltr'>tamen</span> <span class='ocrx_word' id='word_1_258' title='bbox 799 3395 925 3481; x_wconf 88' lang='lat' dir='ltr'>frigoris</span> <span class='ocrx_word' id='word_1_259' title='bbox 945 3393 1079 3460; x_wconf 89' lang='lat' dir='ltr'>furentis</span> <span class='ocrx_word' id='word_1_260' title='bbox 1098 3392 1253 3478; x_wconf 86' lang='lat' dir='ltr'>asperitas</span> <span class='ocrx_word' id='word_1_261' title='bbox 1277 3391 1309 3454; x_wconf 93' lang='lat' dir='ltr'>in</span> 
     </span>
     <span class='ocr_line' id='line_1_33' title="bbox 166 3480 1311 3582; baseline -0.004 -35"><span class='ocrx_word' id='word_1_262' title='bbox 166 3482 273 3582; x_wconf 81' lang='lat' dir='ltr'>aliquo</span> <span class='ocrx_word' id='word_1_263' title='bbox 283 3481 450 3546; x_wconf 89' lang='lat' dir='ltr'>diminuta.</span> <span class='ocrx_word' id='word_1_264' title='bbox 500 3483 596 3548; x_wconf 90' lang='lat' dir='ltr'>Unde</span> <span class='ocrx_word' id='word_1_265' title='bbox 609 3497 642 3548; x_wconf 93' lang='lat' dir='ltr'>et</span> <span class='ocrx_word' id='word_1_266' title='bbox 652 3484 780 3548; x_wconf 90' lang='lat' dir='ltr'>camisia</span> <span class='ocrx_word' id='word_1_267' title='bbox 791 3487 854 3570; x_wconf 72' lang='lat' dir='ltr'>qua</span> <span class='ocrx_word' id='word_1_268' title='bbox 865 3497 934 3548; x_wconf 89' lang='lat' dir='ltr'>erat</span> <span class='ocrx_word' id='word_1_269' title='bbox 949 3483 1072 3559; x_wconf 90' lang='lat' dir='ltr'>induta,</span> <span class='ocrx_word' id='word_1_270' title='bbox 1086 3480 1162 3568; x_wconf 89' lang='lat' dir='ltr'>quia</span> <span class='ocrx_word' id='word_1_271' title='bbox 1176 3501 1311 3565; x_wconf 90' lang='lat' dir='ltr'>corpore</span> 
     </span>
     <span class='ocr_line' id='line_1_34' title="bbox 166 3568 1311 3659; baseline -0.002 -27"><span class='ocrx_word' id='word_1_272' title='bbox 166 3570 293 3655; x_wconf 76' lang='lat' dir='ltr'>ignibus</span> <span class='ocrx_word' id='word_1_273' title='bbox 318 3570 465 3654; x_wconf 89' lang='lat' dir='ltr'>exposito</span> <span class='ocrx_word' id='word_1_274' title='bbox 482 3570 535 3634; x_wconf 87' lang='lat' dir='ltr'>vix</span> <span class='ocrx_word' id='word_1_275' title='bbox 559 3583 614 3635; x_wconf 93' lang='lat' dir='ltr'>aut</span> <span class='ocrx_word' id='word_1_276' title='bbox 638 3595 799 3659; x_wconf 87' lang='lat' dir='ltr'>nunquam</span> <span class='ocrx_word' id='word_1_277' title='bbox 822 3571 961 3636; x_wconf 88' lang='lat' dir='ltr'>calefieri</span> <span class='ocrx_word' id='word_1_278' title='bbox 983 3571 1099 3656; x_wconf 91' lang='lat' dir='ltr'>potuit,</span> <span class='ocrx_word' id='word_1_279' title='bbox 1117 3568 1232 3652; x_wconf 90' lang='lat' dir='ltr'>saepius</span> <span class='ocrx_word' id='word_1_280' title='bbox 1254 3580 1311 3631; x_wconf 89' lang='lat' dir='ltr'>aut</span> 
     </span>
     <span class='ocr_line' id='line_1_35' title="bbox 168 3655 1312 3747; baseline -0.004 -25"><span class='ocrx_word' id='word_1_281' title='bbox 168 3680 294 3742; x_wconf 88' lang='lat' dir='ltr'>semper</span> <span class='ocrx_word' id='word_1_282' title='bbox 320 3658 503 3721; x_wconf 86' lang='lat' dir='ltr'>exustulata</span> <span class='ocrx_word' id='word_1_283' title='bbox 526 3658 672 3744; x_wconf 84' lang='lat' dir='ltr'>deperiit,</span> <span class='ocrx_word' id='word_1_284' title='bbox 697 3660 772 3747; x_wconf 91' lang='lat' dir='ltr'>quia</span> <span class='ocrx_word' id='word_1_285' title='bbox 797 3659 927 3723; x_wconf 84' lang='lat' dir='ltr'>aestibus</span> <span class='ocrx_word' id='word_1_286' title='bbox 957 3655 1194 3722; x_wconf 87' lang='lat' dir='ltr'>ferventissimis</span> <span class='ocrx_word' id='word_1_287' title='bbox 1221 3656 1312 3742; x_wconf 88' lang='lat' dir='ltr'>quasi</span> 
     </span>
     <span class='ocr_line' id='line_1_36' title="bbox 166 3743 1313 3832; baseline -0.003 -22"><span class='ocrx_word' id='word_1_288' title='bbox 166 3744 339 3810; x_wconf 89' lang='lat' dir='ltr'>mediatrix</span> <span class='ocrx_word' id='word_1_289' title='bbox 361 3745 559 3830; x_wconf 89' lang='lat' dir='ltr'>interposita,</span> <span class='ocrx_word' id='word_1_290' title='bbox 576 3748 690 3832; x_wconf 88' lang='lat' dir='ltr'>saepius</span> <span class='ocrx_word' id='word_1_291' title='bbox 706 3748 803 3813; x_wconf 90' lang='lat' dir='ltr'>etiarn</span> <span class='ocrx_word' id='word_1_292' title='bbox 825 3746 899 3832; x_wconf 92' lang='lat' dir='ltr'>ipsis</span> <span class='ocrx_word' id='word_1_293' title='bbox 923 3746 1043 3831; x_wconf 91' lang='lat' dir='ltr'>ignium</span> <span class='ocrx_word' id='word_1_294' title='bbox 1058 3743 1179 3809; x_wconf 91' lang='lat' dir='ltr'>facibus</span> <span class='ocrx_word' id='word_1_295' title='bbox 1195 3757 1244 3807; x_wconf 90' lang='lat' dir='ltr'>est</span> <span class='ocrx_word' id='word_1_296' title='bbox 1260 3765 1313 3806; x_wconf 89' lang='lat' dir='ltr'>ac·</span> 
     </span>
     <span class='ocr_line' id='line_1_37' title="bbox 169 3831 1312 3922; baseline -0.003 -25"><span class='ocrx_word' id='word_1_297' title='bbox 169 3855 274 3897; x_wconf 89' lang='lat' dir='ltr'>censa.</span> <span class='ocrx_word' id='word_1_298' title='bbox 323 3833 467 3917; x_wconf 90' lang='lat' dir='ltr'>Contigit</span> <span class='ocrx_word' id='word_1_299' title='bbox 482 3835 590 3920; x_wconf 94' lang='lat' dir='ltr'>itaque</span> <span class='ocrx_word' id='word_1_300' title='bbox 605 3850 642 3899; x_wconf 88' lang='lat' dir='ltr'>ut</span> <span class='ocrx_word' id='word_1_301' title='bbox 657 3835 750 3922; x_wconf 88' lang='lat' dir='ltr'>hujus</span> <span class='ocrx_word' id='word_1_302' title='bbox 762 3835 928 3900; x_wconf 89' lang='lat' dir='ltr'>occasione</span> <span class='ocrx_word' id='word_1_303' title='bbox 944 3833 1062 3897; x_wconf 91' lang='lat' dir='ltr'>doloris</span> <span class='ocrx_word' id='word_1_304' title='bbox 1078 3831 1312 3896; x_wconf 88' lang='lat' dir='ltr'>ebdomadibus</span> 
     </span>
     <span class='ocr_line' id='line_1_38' title="bbox 169 3919 1314 4007; baseline -0.003 -23"><span class='ocrx_word' id='word_1_305' title='bbox 169 3921 309 4006; x_wconf 80' lang='lat' dir='ltr'>singuliS,</span> <span class='ocrx_word' id='word_1_306' title='bbox 327 3920 388 3983; x_wconf 89' lang='lat' dir='ltr'>tria</span> <span class='ocrx_word' id='word_1_307' title='bbox 402 3920 492 4006; x_wconf 90' lang='lat' dir='ltr'>paria</span> <span class='ocrx_word' id='word_1_308' title='bbox 506 3922 705 3987; x_wconf 76' lang='lat' dir='ltr'>camisianum</span> <span class='ocrx_word' id='word_1_309' title='bbox 720 3925 780 3989; x_wconf 89' lang='lat' dir='ltr'>sibi</span> <span class='ocrx_word' id='word_1_310' title='bbox 795 3923 979 4000; x_wconf 88' lang='lat' dir='ltr'>conficeret,</span> <span class='ocrx_word' id='word_1_311' title='bbox 993 3945 1033 3986; x_wconf 88' lang='lat' dir='ltr'>eo</span> <span class='ocrx_word' id='word_1_312' title='bbox 1052 3920 1139 4007; x_wconf 93' lang='lat' dir='ltr'>quod</span> <span class='ocrx_word' id='word_1_313' title='bbox 1157 3919 1239 4004; x_wconf 92' lang='lat' dir='ltr'>ignis</span> <span class='ocrx_word' id='word_1_314' title='bbox 1255 3941 1314 3982; x_wconf 86' lang='lat' dir='ltr'>ex-</span> 
     </span>
     <span class='ocr_line' id='line_1_39' title="bbox 102 4005 1314 4085; baseline -0.003 -12"><span class='ocrx_word' id='word_1_315' title='bbox 102 4049 105 4054; x_wconf 90' lang='lat'><em>·</em></span> <span class='ocrx_word' id='word_1_316' title='bbox 169 4009 263 4085; x_wconf 89' lang='lat' dir='ltr'>ustio,</span> <span class='ocrx_word' id='word_1_317' title='bbox 278 4007 364 4071; x_wconf 92' lang='lat' dir='ltr'>omni</span> <span class='ocrx_word' id='word_1_318' title='bbox 375 4008 555 4072; x_wconf 74' lang='lat' dir='ltr'>ebdomada</span> <span class='ocrx_word' id='word_1_319' title='bbox 566 4023 660 4075; x_wconf 88' lang='lat' dir='ltr'>terna</span> <span class='ocrx_word' id='word_1_320' title='bbox 669 4013 868 4078; x_wconf 88' lang='lat' dir='ltr'>camisiarum</span> <span class='ocrx_word' id='word_1_321' title='bbox 884 4009 1056 4077; x_wconf 88' lang='lat' dir='ltr'>mutatoria</span> <span class='ocrx_word' id='word_1_322' title='bbox 1070 4005 1314 4072; x_wconf 88' lang='lat' dir='ltr'>consuetissimo</span> 
     </span>
     <span class='ocr_line' id='line_1_40' title="bbox 168 4093 1314 4184; baseline -0.004 -23"><span class='ocrx_word' id='word_1_323' title='bbox 168 4097 264 4161; x_wconf 92' lang='lat' dir='ltr'>moris</span> <span class='ocrx_word' id='word_1_324' title='bbox 280 4095 427 4160; x_wconf 84' lang='lat' dir='ltr'>incendio</span> <span class='ocrx_word' id='word_1_325' title='bbox 443 4096 597 4161; x_wconf 90' lang='lat' dir='ltr'>devorare</span> <span class='ocrx_word' id='word_1_326' title='bbox 612 4103 839 4165; x_wconf 89' lang='lat' dir='ltr'>consuevisset.</span> <span class='ocrx_word' id='word_1_327' title='bbox 870 4099 1020 4184; x_wconf 89' lang='lat' dir='ltr'>Denique</span> <span class='ocrx_word' id='word_1_328' title='bbox 1036 4095 1137 4161; x_wconf 91' lang='lat' dir='ltr'>omnis</span> <span class='ocrx_word' id='word_1_329' title='bbox 1153 4094 1220 4180; x_wconf 91' lang='lat' dir='ltr'>spei</span> <span class='ocrx_word' id='word_1_330' title='bbox 1232 4093 1314 4157; x_wconf 89' lang='lat' dir='ltr'>frus-</span> 
     </span>
     <span class='ocr_line' id='line_1_41' title="bbox 171 4181 1314 4268; baseline -0.003 -21"><span class='ocrx_word' id='word_1_331' title='bbox 171 4197 255 4248; x_wconf 86' lang='lat' dir='ltr'>trata</span> <span class='ocrx_word' id='word_1_332' title='bbox 273 4183 416 4261; x_wconf 86' lang='lat' dir='ltr'>consili0,</span> <span class='ocrx_word' id='word_1_333' title='bbox 441 4185 559 4248; x_wconf 89' lang='lat' dir='ltr'>salubri</span> <span class='ocrx_word' id='word_1_334' title='bbox 579 4184 637 4249; x_wconf 91' lang='lat' dir='ltr'>viri</span> <span class='ocrx_word' id='word_1_335' title='bbox 660 4188 708 4251; x_wconf 93' lang='lat' dir='ltr'>sui</span> <span class='ocrx_word' id='word_1_336' title='bbox 727 4190 880 4253; x_wconf 90' lang='lat' dir='ltr'>roborata</span> <span class='ocrx_word' id='word_1_337' title='bbox 897 4185 1019 4250; x_wconf 92' lang='lat' dir='ltr'>monito</span> <span class='ocrx_word' id='word_1_338' title='bbox 1037 4199 1071 4249; x_wconf 88' lang='lat' dir='ltr'>et</span> <span class='ocrx_word' id='word_1_339' title='bbox 1092 4183 1254 4268; x_wconf 88' lang='lat' dir='ltr'>exemplo,</span> <span class='ocrx_word' id='word_1_340' title='bbox 1271 4181 1314 4245; x_wconf 91' lang='lat' dir='ltr'>ad</span> 
     </span>
     <span class='ocr_line' id='line_1_42' title="bbox 175 4269 1313 4361; baseline -0.002 -27"><span class='ocrx_word' id='word_1_341' title='bbox 175 4270 267 4336; x_wconf 88' lang='lat' dir='ltr'>Beati</span> <span class='ocrx_word' id='word_1_342' title='bbox 287 4272 457 4336; x_wconf 91' lang='lat' dir='ltr'>Cuthberti</span> <span class='ocrx_word' id='word_1_343' title='bbox 480 4273 533 4357; x_wconf 92' lang='lat' dir='ltr'>pia</span> <span class='ocrx_word' id='word_1_344' title='bbox 558 4277 734 4358; x_wconf 87' lang='lat' dir='ltr'>patrocinia</span> <span class='ocrx_word' id='word_1_345' title='bbox 756 4274 911 4360; x_wconf 82' lang='lat' dir='ltr'>confugit,</span> <span class='ocrx_word' id='word_1_346' title='bbox 928 4273 982 4361; x_wconf 94' lang='lat' dir='ltr'>qui</span> <span class='ocrx_word' id='word_1_347' title='bbox 1003 4272 1151 4337; x_wconf 91' lang='lat' dir='ltr'>omnibus</span> <span class='ocrx_word' id='word_1_348' title='bbox 1175 4269 1313 4335; x_wconf 91' lang='lat' dir='ltr'>illumin</span> 
     </span>
     <span class='ocr_line' id='line_1_43' title="bbox 171 4358 1321 4446; baseline 0 -25"><span class='ocrx_word' id='word_1_349' title='bbox 171 4359 306 4423; x_wconf 88' lang='lat' dir='ltr'>veritate</span> <span class='ocrx_word' id='word_1_350' title='bbox 337 4359 522 4422; x_wconf 89' lang='lat' dir='ltr'>vocantibus</span> <span class='ocrx_word' id='word_1_351' title='bbox 567 4362 723 4446; x_wconf 90' lang='lat' dir='ltr'>propitius</span> <span class='ocrx_word' id='word_1_352' title='bbox 761 4387 829 4427; x_wconf 90' lang='lat' dir='ltr'>esse</span> <span class='ocrx_word' id='word_1_353' title='bbox 869 4361 1046 4426; x_wconf 91' lang='lat' dir='ltr'>consuevit.</span> <span class='ocrx_word' id='word_1_354' title='bbox 1109 4358 1321 4445; x_wconf 82' lang='lat' dir='ltr'>Navigioque</span> 
     </span>
    </p>
   </div>
   <div class='ocr_carea' id='block_1_5' title="bbox 0 0 1491 4966">
    <p class='ocr_par' dir='ltr' id='par_1_6' title="bbox 0 0 1491 4966">
     <span class='ocr_line' id='line_1_44' title="bbox 0 0 1491 4966; baseline 0 0"><span class='ocrx_word' id='word_1_355' title='bbox 0 0 1491 4966; x_wconf 95' lang='lat' dir='ltr'> </span> 
     </span>
    </p>
   </div>
  </div>
 </body>
</html>
