2924 4966
152 363 227 439 266
486 383 728 433 ‹urornltor
757 383 939 433 nossent

155 550 313 636 singultus
329 570 404 613 cum
419 547 556 613 lacrimis
571 571 615 612 ex
629 547 770 633 pectoris
785 549 850 612 imo
865 549 1071 634 perfundens.
1104 546 1252 617 Tandem
1269 556 1301 618 in

154 662 188 705 sc
203 659 387 714 conversus,
402 635 502 722 coepit
517 636 558 701 de
585 636 679 700 Beati
699 635 870 700 Cuthberti
890 637 1061 702 clementis
1078 639 1176 704 fidem
1198 642 1303 706 conci-

154 750 243 813 pere,
260 739 295 790 et
317 747 502 811 progressus
518 746 626 788 coram
641 722 733 788 altari
754 725 800 824 pii
819 725 1030 803 confessoris,
1052 727 1302 794 misericordiam

155 814 250 880 solito
266 812 434 878 instantiiss
450 812 610 876 invocare.
658 811 740 876 Mox
754 811 851 897 igitur
863 813 992 897 gloriosi
1011 814 1177 880 Pontificis
1189 834 1303 904 poten-

156 903 203 967 tia
216 916 251 967 et
266 900 437 965 clementia
452 899 554 977 affuit,
571 913 605 964 et
620 898 787 1051 oppillatio
802 899 856 964 illa
870 923 956 966 saeva
977 904 1127 987 pectoris,
1145 906 1302 991 pulmonis

156 1003 191 1055 et
206 988 356 1075 gutturis,
370 1002 440 1053 tota
455 987 601 1051 dissiluit.
680 1008 786 1072 empe,
804 1001 840 1051 ut
859 990 928 1074 ipse
943 992 1087 1055 attestari
1103 995 1196 1071 solet,
1214 994 1303 1058 audi-

156 1078 203 1142 vit
218 1090 315 1178 atque
334 1076 417 1140 infra
431 1097 465 1139 se
488 1074 646 1161 persensit
659 1076 749 1162 quasi
763 1075 861 1161 lignei
878 1078 1004 1142 roboris
1019 1081 1148 1144 contriti
1163 1082 1303 1167 crepitus

158 1188 347 1252 asperrimos
362 1186 505 1248 crepere,
519 1178 635 1227 etcum
649 1163 777 1248 fragore
792 1163 891 1238 nimio
899 1167 1020 1230 sonitus
1035 1167 1185 1232 stridulos
1200 1170 1304 1253 gravi-

158 1277 230 1319 ores
242 1252 334 1316 nimis
346 1252 484 1316 efficere.
532 1251 702 1338 Sensitque
717 1275 852 1338 aggeres
863 1253 1006 1318 humoris
1018 1256 1138 1320 tenacis
1149 1281 1187 1321 ac
1202 1258 1301 1336 lividi,

159 1341 327 1428 repentini
341 1339 540 1425 dirruptione
556 1340 682 1403 cassari.
731 1340 829 1406 Unde
847 1363 924 1404 mox
939 1341 981 1406 de
997 1344 1131 1408 ecclesii
1146 1369 1301 1430 egressus,

160 1429 278 1494 molem
302 1443 403 1493 totam
426 1427 507 1491 illius
530 1426 783 1513 constipationis‚
808 1428 999 1494 infirmitatis
1020 1445 1053 1495 et
1076 1433 1301 1517 oppillationis‚

160 1516 323 1593 evomuit3
339 1516 396 1580 sed
419 1538 523 1603 neque
538 1539 559 1580 a
573 1515 626 1579 die
649 1515 703 1580 ills
718 1517 770 1580 vel
792 1516 942 1602 deinceps
958 1519 1171 1607 quodcunque
1195 1522 1304 1608 hujus-

160 1605 248 1671 modi
264 1603 432 1682 molestiae,
448 1603 506 1668 sibi
523 1625 640 1668 nocere
661 1606 844 1689 persensit>
876 1605 999 1670 Vocem
1014 1606 1122 1694 itaque
1138 1608 1182 1672 sic
1198 1611 1304 1674 claris-

159 1695 271 1758 simam
294 1691 514 1777 recuperando
535 1690 669 1777 recepit,
690 1707 724 1757 et
747 1692 937 1757 infirmitatis
960 1693 1120 1760 diuturnae
1142 1699 1304 1783 augustias

161 1804 219 1868 per
249 1780 343 1846 Beati
375 1779 548 1845 Cuthberti
577 1780 780 1844 clementiam
809 1782 868 1845 sub
899 1781 992 1845 unius
1021 1783 1110 1846 horoe
1139 1801 1304 1850 momento

161 1883 272 1935 evasit.

163 2135 263 2200 CAP.
281 2134 500 2199 CXXL-De
510 2134 643 2217 quddam
657 2142 781 2217 utroque
791 2136 903 2197 lamine
915 2138 1069 2200 oculorum
1083 2139 1200 2214 orbaret,
1214 2161 1307 2221 qaam

248 2223 381 2305 mirifice?
400 2223 518 2285 Beatus
545 2223 725 2285 Cuthbertrrs
750 2223 798 2285 illi
820 2228 1011 2303 apparuerit,
1037 2247 1076 2288 nc
1102 2230 1209 2304 visum,
1230 2232 1309 2291 sicut

244 2313 445 2391 predixerat,
461 2313 490 2372 ci
504 2311 680 2372 reddiderit.

210 2484 299 2549 Inter
322 2483 449 2547 occulta
472 2505 545 2569 quae
569 2482 700 2567 singulis
725 2482 877 2547 secretiirs
904 2485 1026 2564 annuit,
1042 2486 1189 2572 quaedam
1208 2489 1307 2553 etiam

162 2574 283 2637 cunctis
307 2571 339 2634 in
361 2569 530 2635 manifesto
552 2570 643 2655 signa
664 2571 890 2636 miraculorum
912 2573 1062 2637 ostendit.
1109 2573 1197 2637 Nulli
1221 2577 1306 2640 enim

161 2662 253 2725 sexui
270 2659 352 2723 illius
367 2658 537 2722 clementia
552 2661 717 2723 consuevit
733 2660 854 2738 abesse,
869 2661 926 2724 sed
941 2659 1086 2725 omnibus
1101 2684 1134 2725 se
1150 2663 1201 2747 pie
1216 2663 1306 2727 invo-

161 2749 307 2813 cantibus
329 2744 465 2831 benigne
489 2746 709 2811 subveniendo
732 2746 776 2811 illi
799 2761 848 2811 est
870 2763 1030 2813 assuetum
1056 2749 1178 2813 adesse.
1227 2751 1307 2816 Erat

161 2835 188 2901 si
211 2835 318 2901 uidem
341 2835 373 2899 in
399 2828 561 2898 Dunelnio
576 2835 724 2921 quaedam
746 2848 892 2900 matrona
904 2837 1071 2901 oculorum
1094 2839 1163 2902 visu
1186 2838 1307 2902 diutins

163 2859 287 3002 cibata,
315 2922 423 2988 multis
451 2922 717 2987 Dunelmensium
743 2923 858 2988 civium
885 2924 961 2988 satis
988 2924 1160 2990 notissima.
1222 2927 1307 3001 Quae

161 3036 330 3100 nusquam,
347 3011 406 3075 nisi
430 3011 471 3074 ab
495 3009 559 3074 alio
582 3010 689 3088 ducta,
706 3011 773 3075 sine
788 3011 981 3077 offendiculo
1005 3013 1152 3078 incedere
1179 3016 1308 3100 potuit3

162 3102 220 3165 sed
245 3100 321 3188 quia
346 3098 531 3185 pauperima
554 3097 689 3176 exstitit,
707 3099 837 3184 perraro
860 3100 975 3165 ducem
999 3101 1153 3186 praevium
1169 3103 1309 3191 aliquem

162 3188 308 3254 nebulosi
324 3187 372 3252 sui
390 3186 511 3251 itineris
526 3186 650 3250 habuit.
699 3186 824 3273 Nempe
840 3187 866 3251 si
882 3191 1062 3275 equitantes
1077 3191 1236 3277 quoslibet
1252 3194 1311 3257 ob·

162 3276 231 3341 rios
254 3276 416 3341 habuisset
439 3274 471 3338 in
494 3274 619 3353 itinere,
636 3274 826 3340 calcantium
848 3298 973 3360 gressus
988 3300 1154 3364 equorum,
1170 3279 1231 3345 nisi
1246 3280 1311 3344 alio

164 3387 235 3430 eam
250 3365 420 3442 educente,
437 3385 598 3450 nunquam
613 3385 671 3447 per
686 3362 771 3427 visits
784 3365 888 3428 aciem
908 3379 1035 3450 poterat
1056 3366 1177 3432 evitare
1191 3391 1199 3444 3
1223 3369 1311 3432 unde.

163 3452 279 3518 baculo
299 3474 426 3537 gressus
446 3450 631 3536 praecipites
655 3451 879 3536 proepalpitans
902 3454 1019 3539 soepius
1034 3454 1077 3518 ad
1098 3455 1310 3520 fenestrarum

164 3540 380 3626 dependentia
405 3537 481 3602 foris
507 3538 679 3628 laquearia,
696 3537 747 3603 vel
771 3539 813 3603 ad
835 3539 977 3625 lapidum
994 3542 1165 3626 ¹grandium
1182 3557 1312 3608 trunco·-

164 3651 278 3693 rumve
292 3626 484 3693 offendicula
498 3625 656 3690 infensum
673 3626 777 3712 capud
800 3627 914 3713 soepius
933 3628 1122 3713 ignoranter
1144 3632 1310 3696 consuevit

163 3715 298 3782 illidere.
347 3715 428 3779 Hoec
451 3714 528 3778 dum
543 3727 638 3778 nocte
683 3716 797 3779 uddam
820 3729 970 3800 soporata
988 3717 1020 3780 in
1043 3718 1128 3782 lecto
1143 3719 1308 3798 decubuit,

164 3802 296 3889 repente
323 3803 382 3867 sibi
408 3803 476 3868 visa
502 3815 551 3866 est
581 3737 740 3888 quoddam
767 3802 809 3866 ad
838 3825 964 3868 crucem
995 3805 1153 3890 lapideam
1179 3822 1254 3893 quac¹
1278 3808 1311 3871 in

165 3891 332 3978 cymiterio
359 3890 452 3957 Beati
474 3888 646 3955 Cuthberti
669 3890 822 3968 consistit,
840 3891 899 3955 sibi
919 3892 1107 3978 praecepisse
1123 3895 1310 3980 confugere,

165 3980 206 4044 ad
221 4002 317 4067 quam
332 4002 409 4043 mox
424 3977 621 4062 confugiens,
635 3978 694 4042 sibi
709 3979 795 4043 illam
810 3979 946 4043 credidit
962 3980 1123 4044 invisione
1139 3981 1207 4067 ipsit
1217 3984 1313 4048 deos-

165 4068 304 4132 culatam
319 4082 352 4132 et
368 4068 583 4152 amplexatam
597 4065 705 4131 fuisse.
754 4066 838 4141 Quae
849 4067 894 4130 de
910 4068 964 4131 illo
980 4067 1011 4130 in
1031 4069 1197 4133 ecclesiam
1218 4071 1313 4136 Beati

169 4155 341 4220 Cuthberti
356 4157 482 4220 concita
497 4153 689 4231 decucurrit,
706 4154 792 4218 unde
801 4155 849 4219 -ad
863 4156 955 4219 bases
967 4156 1208 4242 columpnarum
1224 4182 1314 4246 mag-

165 4264 278 4309 narum
294 4243 434 4321 veniens,
452 4239 558 4305 omnia
579 4240 732 4306 interiora
746 4242 889 4307 ecclesiae
905 4244 969 4310 und
990 4259 1072 4309 cum
1083 4246 1314 4313 SanctiCutb-

163 4329 247 4394 berti
264 4331 422 4416 sepulcro,
439 4328 498 4394 sibi
515 4328 582 4392 visa
596 4341 645 4393 est
660 4330 874 4416 conspexisse.
924 4331 985 4397 Cui
1000 4355 1078 4397 mox
1090 4334 1156 4404 duo
1166 4334 1314 4402 homines

165 4432 345 4496 occurrunt,
362 4439 499 4506 quorum
514 4415 595 4484 ulter
611 4429 697 4482 totus
712 4417 810 4483 fuisse
825 4419 912 4484 canis
927 4442 1115 4508 conspersus
1131 4421 1312 4501 videbatur,
