2924 4966
150 309 226 377 200
503 318 722 370 uncinsnnr
749 317 933 369 nossem

156 487 253 573 igitur
277 486 423 569 concepti
448 483 598 549 desiderii
623 480 698 547 satis
720 493 844 567 egerat,
861 495 894 548 et
912 484 981 569 jam
1005 483 1155 549 omnibus
1169 507 1228 571 pro
1248 508 1301 550 suo

157 575 249 641 libito
265 572 501 650 cousuuuuatis,
518 571 692 638 libellum
684 593 789 657 rpsum
812 570 845 634 iu
863 570 1025 656 praedictis
1039 572 1154 637 loculis
1170 572 1304 659 pristina

157 660 408 736 consuetudinis,
425 660 539 724 ordine
553 657 722 724 decentius
740 682 807 746 quo
829 672 967 744 poterat,
984 659 1213 726 collocaverat.
1258 660 1306 725 Ad

160 772 240 834 opus
255 747 373 812 deinde
388 748 473 811 soliti
489 746 617 811 studii
604 770 673 832 Jam
695 747 871 825 resederat,
888 759 923 810 et
946 747 988 811 de
1014 747 1108 812 altari
1132 747 1308 856 aliquantu·

159 837 225 899 lum
254 834 408 899 remotius
439 848 571 921 propter
599 834 726 900 luminis
756 857 848 898 usum
870 835 937 920 jam
965 848 1152 914 secesserat,
1170 860 1213 901 eo
1227 835 1310 924 quod

159 922 319 988 scribendi
345 923 484 986 studium
508 922 745 1022 frequentabat.
799 920 871 986 Nec
896 924 987 987 morl
1014 923 1264 1002 intercurrente,
1279 938 1311 988 et

161 1034 238 1075 ecce
253 1010 403 1077 dentibus
422 1009 537 1075 collisis
561 1010 735 1088 infremuit,
751 1023 785 1074 et
810 1022 930 1074 tremor
953 1023 1082 1075 artuum
1109 1011 1312 1112 compagines

161 1121 242 1183 peuc
228 1097 413 1162 dissolvit.
461 1097 577 1162 Manus
600 1058 788 1184 palpitabat,
806 1098 1035 1163 membranulae
1056 1098 1234 1187 quaeritans
1249 1123 1313 1164 sus·

162 1185 347 1250 tentationis
372 1185 548 1261 arixilium3
571 1185 690 1270 digitus
712 1208 825 1271 pennae
851 1185 1022 1250 litterantis
1045 1187 1158 1252 lituras
1182 1187 1314 1273 sparsim

162 1274 195 1336 iu
212 1273 326 1358 pagiud
338 1274 400 1339 effe
391 1287 500 1351 cerat
515 1233 629 1337 millius
645 1273 807 1337 rnrenieus
823 1275 1032 1338 continentiae
1047 1275 1313 1350 fundamentum

163 1361 197 1424 in
212 1361 366 1461 pluteum,
384 1361 617 1425 alternantibus
629 1384 671 1425 ex
688 1360 802 1425 timore
817 1361 964 1445 genibus,
978 1362 1169 1428 dissiliebat:
1187 1362 1314 1449 palloris

163 1449 280 1513 nracies
297 1448 394 1512 totius
409 1450 440 1511 iu
457 1470 591 1533 corpore
612 1448 788 1513 ruboris
759 1471 898 1549 virorem
922 1450 1128 1515 exhauserat.
1175 1450 1314 1516 Timoris

164 1536 261 1601 etiam
276 1537 424 1621 angustia
438 1536 542 1600 cordis
558 1536 674 1601 curiosi
688 1536 840 1601 incuriam
864 1538 1083 1602 consumendo
1103 1539 1312 1616 contriverat,

165 1638 285 1689 tremor
301 1648 411 1689 manus
428 1648 470 1689 ex
490 1625 697 1688 irreverentia
711 1625 972 1726 contrectationis
987 1626 1188 1726 increpabat,
1207 1627 1315 1726 oculo-

164 1735 235 1776 rum
251 1712 336 1776 acies
355 1712 554 1776 lacrimarum
578 1713 712 1777 confusa
733 1712 898 1798 congeries
921 1714 1087 1798 arguendo
1112 1713 1237 1799 piabat,
1254 1714 1315 1778 oris

165 1800 261 1865 {iacies
288 1800 415 1886 palloris
438 1801 540 1865 sanies
563 1800 736 1864 minuendo
752 1801 920 1865 multabat.
968 1801 1038 1867 Nec
1057 1801 1315 1888 praesumptionis

166 1888 301 1952 rtrrdncia
330 1887 451 1976 aliquid
481 1888 522 1953 ad
551 1888 812 1952 contrectationis
834 1889 1073 1954 oblectamenta
1095 1903 1314 1967 contraxerat,

165 1978 252 2063 quod
291 1976 389 2040 ultrix
425 2000 530 2062 poenu,
560 1976 746 2076 indignante.
784 1976 889 2040 Beato
930 1978 1124 2054 Cuthberto,
1152 1978 1315 2043 saeviendo

165 2088 229 2128 nou
247 2066 403 2150 punierat
452 2063 548 2128 '¹'lot
541 2064 639 2148 igitur
653 2077 814 2128 tormenta
833 2064 992 2143 sustinuit,
1009 2078 1090 2152 quot
1104 2065 1193 2151 prius
1209 2066 1316 2131 oblec-

165 2165 308 2216 tamenta
331 2154 480 2236 suscepit.
528 2150 598 2216 Νο0
625 2151 832 2252 praesumptio
858 2152 956 2217 dabat
977 2153 1137 2218 evadendi
1152 2154 1314 2231 fiduciam,

190 2264 238 2304 uae
276 2237 362 2324 prius
401 2263 462 2303 con
464 2240 604 2324 temptas
647 2238 863 2304 irreverentiae
901 2240 1100 2306 ministrabat
1137 2241 1316 2307 audaciam.

166 2264 353 2413 llxsurgens
373 2329 523 2414 denique,
541 2339 574 2392 et
599 2350 656 2413 per
679 2327 768 2391 chori
794 2328 874 2392 fines
901 2328 1093 2412 digrediens,
1110 2331 1293 2415 sperabat
1285 2353 1316 2394 ιιι

166 2418 289 2481 mutata
304 2416 366 2480 loci
383 2415 608 2494 vicissitudine,
626 2417 802 2480 variantem
824 2415 1015 2481 infirmitatis
1038 2419 1179 2482 motibus
1199 2417 1317 2482 vicissi-
1360 2424 1363 2429 ’

167 2505 311 2568 tudinem
327 2503 503 2589 praeterire.
550 2502 636 2569 Nam
651 2503 795 2567 locorum
809 2505 1003 2591 quandoque
1026 2504 1213 2570 immutacio
1231 2505 1317 2570 infir-

167 2592 286 2656 mitatis
302 2593 383 2656 solet
407 2615 475 2656 esse
498 2591 669 2668 alleviati0,
687 2605 720 2655 et
747 2591 912 2657 levaminis
935 2592 1110 2657 dinoscitur
1133 2616 1203 2659 esse
1226 2593 1317 2658 resri-

168 2681 291 2765 getium
322 2680 437 2764 saepius
464 2679 644 2744 immutatio
673 2681 783 2766 quieta
813 2680 967 2745 locorum
1031 2681 1129 2745 Unde
1161 2683 1226 2747 tale
1251 2704 1318 2746 me-

169 2768 283 2832 dicinae
314 2768 492 2831 fomentum
519 2767 549 2830 ei
578 2767 730 2853 prodesse
755 2790 820 2831 non
849 2768 966 2852 potuit,
990 2768 1066 2869 quia
1096 2791 1160 2833 non
1191 2782 1317 2834 tantum

168 2856 339 2941 aegritudo,
356 2855 433 2942 quin
460 2856 556 2919 immo
587 2855 680 2920 Beati
706 2855 877 2920 Cuthberti
900 2855 1077 2942 indignatio
1102 2857 1176 2922 fuit.
1226 2856 1319 2923 Resi-

169 2945 277 3009 dendo
292 2943 431 3030 denique
446 2944 611 3029 quiescere
628 2943 738 3021 voluit,
755 2943 812 3008 sed
835 2944 982 3008 tremoris
1006 2944 1216 3010 valitudinem
1238 2957 1319 3010 tem-

169 3033 313 3118 perando
328 3031 476 3132 mitigare
492 3053 555 3095 nou
571 3031 749 3117 praevaluit.
797 3031 893 3140 Ergo
908 3032 1165 3134 praesumptionis
1188 3031 1320 3098 audatia

169 3121 210 3187 ad
227 3119 412 3184 memoriam
428 3118 534 3196 rediit,
552 3133 585 3183 et
600 3142 673 3206 quae
688 3120 814 3204 culpam
829 3119 915 3203 prids
931 3120 1114 3220 parturivit,
1129 3121 1200 3206 jam
1214 3144 1319 3207 poeuae

170 3207 328 3272 cruciatus
344 3207 480 3271 intorsit.
517 3206 643 3292 Nempe
655 3206 751 3270 nichil
767 3207 854 3271 aliud
869 3220 938 3272 tant
926 3207 949 3272 ti
965 3208 1116 3273 tormenti
1131 3208 1191 3273 sibi
1207 3232 1318 3295 poenas

170 3296 312 3361 intulisse
328 3295 518 3372 credidit,
489 3294 547 3359 ursi
563 3295 750 3359 temeritatis
765 3295 932 3360 audaciam
946 3320 1009 3382 qua
1023 3308 1114 3360 tanta
1138 3296 1320 3362 sanctuaria

171 3383 384 3448 irreverenter
400 3383 528 3467 pollutis
545 3383 688 3447 manibus
704 3395 905 3448 contrectare
920 3383 1130 3484 praesumpsit.
1157 3384 1316 3462 Tandem,

170 3473 212 3536 ad
228 3470 432 3536 confessionis
448 3484 584 3556 experta
597 3471 784 3554 confugiens
807 3471 992 3556 patrocinia,
1016 3471 1106 3536 horae
1132 3472 1318 3537 meridiana

171 3574 318 3658 tempora
343 3559 529 3625 brevissima
557 3559 730 3623 multorum
757 3559 972 3624 arbitrabatur
995 3559 1119 3624 dierum
1142 3562 1318 3662 protelasse

171 3645 363 3733 longamina.
410 3646 624 3747 AEgritudinis
638 3646 820 3733 siquidem
812 3647 1014 3750 intemperies
1031 3647 1186 3712 nullius
1158 3671 1189 3712 er
1204 3648 1318 3735 quietis

171 3747 300 3822 poterat
320 3757 389 3799 esse
416 3734 593 3834 segnicies:
615 3758 689 3799 nam
712 3748 836 3835 quanto
858 3737 945 3820 prius
971 3736 1120 3800 Fratrum
1141 3736 1319 3801 absentiam

172 3835 393 3910 exoptaverat,
396 3846 479 3922 'quo
501 3822 549 3885 sui
572 3821 720 3887 desiderii
743 3821 874 3887 liberius
896 3836 952 3889 vot
953 3846 973 3887 a
993 3825 1125 3923 esplere
1148 3823 1318 3910 potuisset,

173 3927 263 3976 tauto
288 3934 371 3974 nunc
393 3910 533 3996 ipsorum
557 3909 713 3975 adventus
736 3911 938 3995 praesentiam
960 3911 1072 3975 anxius
1099 3911 1319 3997 concupierat,

172 4013 208 4064 ιιι
247 4012 379 4063 secretae
420 3997 624 4062 conscientiae
664 3996 849 4083 peccamina
885 3998 1089 4063 consessionis
1126 3999 1320 4099 baptismate

173 4087 329 4173 expiaret.
380 4087 552 4172 Subpriore
578 4086 715 4174 denique
741 4085 856 4186 Alaun,
873 4086 914 4151 de
935 4086 1108 4151 meridiana
1130 4086 1240 4173 quiete
1263 4112 1321 4153 ex·

173 4190 336 4261 surgente,
370 4173 432 4238 lrat
420 4187 468 4238 ter
505 4174 557 4237 ille
588 4175 647 4238 sub
676 4173 748 4238 sest
727 4172 879 4238 tmatione
910 4174 1112 4251 adductus,
1104 4197 1137 4239 m
1171 4175 1337 4241 Fratrum.

173 4230 382 4327 collocutorio
397 4262 439 4325 ad
453 4261 551 4347 pedes
567 4260 649 4325 illius
664 4260 814 4339 concidit,
831 4274 864 4326 et
887 4262 973 4327 stult
951 4276 974 4327 ιι
998 4285 1094 4326 ausas
1117 4263 1320 4329 temerariam

174 4361 347 4434 praesumpt
350 4350 454 4413 ionem
469 4372 530 4434 prae
547 4349 752 4422 consessionis
767 4348 904 4416 lacrimis
923 4350 1051 4416 abolere
1076 4348 1237 4437 sategit
1254 4350 1332 4426 Qui·
