2924 4966
92 284 97 293 ’
150 302 200 379 70
504 314 718 365 neornsnnr
745 312 932 364 uonncur

154 568 252 633 CAP.
277 566 611 647 XXXL-Quomodo
631 570 733 633 multis
753 568 859 631 diebus
881 569 915 630 in
936 566 1047 631 Insuld
1061 568 1164 630 maris
1177 574 1301 648 temper·

238 665 299 719 tute
307 658 432 719 dentatis
442 656 572 720 Sanctus
584 657 764 741 &tubertus
774 662 857 719 rmcte
865 656 1032 719 visibiliter
1038 657 1301 737 apparuerim

238 744 419 826 qrcibradam
440 746 600 807 mulierum
620 746 720 808 videri
744 764 807 807 aaa
827 746 988 824 potuerr't;
1013 751 1045 806 et
1062 745 1236 807 mosacum
1256 744 1300 804 eie

239 852 376 895 serenum
391 832 561 895 indulserit.

202 1004 397 1069 Sacrificium
422 1018 456 1068 et
480 1004 618 1069 libamen
646 1004 797 1082 Domino,
824 1003 899 1067 Deo
923 1016 1048 1080 nostro,
1078 1002 1253 1080 offerimus,
1273 999 1298 1064 si

158 1092 261 1157 Beato
287 1092 466 1157 Cuthberto
489 1092 521 1155 in
545 1094 619 1157 vera
637 1092 808 1156 devotione
823 1090 989 1155 servimus.
1036 1088 1125 1155 Nam
1150 1089 1298 1178 quicquid

159 1182 262 1245 Beato
280 1180 460 1245 Cuthberto
475 1179 696 1283 impendimus,
711 1180 784 1244 Deo
799 1178 867 1280 ipsi,
885 1179 975 1264 cujus
990 1177 1105 1264 capitis
1120 1180 1298 1243 membrum

156 1280 272 1343 exstat,
289 1267 451 1330 efficimus.
499 1268 584 1332 bam
607 1268 638 1331 in
660 1280 887 1332 numerositate
907 1289 973 1331 non
987 1265 1144 1331 dividitur
1158 1265 1246 1354 quod
1259 1266 1297 1330 ab

155 1355 343 1439 integritatis
359 1355 514 1419 counione
529 1379 593 1419 non
605 1355 797 1420 decernitur.
829 1356 913 1419 Cum
924 1353 1024 1439 igitur
1042 1354 1181 1418 Sanctus
1198 1352 1298 1419 Cuth-

156 1444 265 1507 bertus
281 1445 457 1506 membrum
473 1442 505 1505 in
523 1443 641 1507 Christi
657 1466 789 1529 corpore
812 1442 862 1519 sit,
879 1454 980 1507 restat
995 1454 1032 1506 ut
1047 1441 1126 1529 quid
1140 1441 1188 1505 illi
1201 1441 1298 1506 hono-

157 1531 199 1594 ris
222 1530 415 1615 impenditur
438 1530 512 1594 Deo
534 1531 712 1596 exhibitum
734 1530 785 1595 sit.
834 1529 1033 1596 Sacrificium
1046 1529 1146 1595 corde
1161 1528 1297 1594 contrito

158 1642 271 1704 nempe
298 1641 362 1681 non
386 1618 516 1703 respuit,
544 1642 603 1683 nec
627 1618 765 1683 libamen
789 1616 995 1703 benignitatis
1020 1616 1136 1682 arurnae
1162 1616 1296 1703 repellit.

161 1706 241 1779 Quis
266 1729 402 1793 unquam
432 1705 524 1770 Beati
555 1706 725 1771 Cuthberti
754 1705 926 1792 postulavit
952 1705 1168 1783 clementiam,
1196 1718 1230 1770 et
1257 1704 1297 1769 de

158 1793 292 1856 miserim
307 1817 373 1858 suoe
388 1793 567 1858 calamitate
582 1818 646 1859 non
661 1794 798 1859 celerem
813 1806 1000 1858 consecutus
1016 1805 1065 1858 est
1081 1792 1297 1858 medicinam?

161 1881 241 1955 Quis
257 1882 353 1945 fidem
367 1882 400 1944 in
415 1880 510 1967 ipsius
526 1882 684 1967 adjutorio
699 1882 815 1967 posuit,
832 1894 866 1945 et
881 1881 948 1945 voti
962 1880 1010 1945 sui
1026 1880 1223 1945 desiderium
1235 1901 1298 1945 non

156 1969 319 2054 optinuit?
366 1968 491 2054 Nempe
513 1971 680 2034 nonnullos
703 1970 743 2034 de
767 1969 876 2033 mortis
897 1969 1014 2056 laqueo
1028 1981 1139 2033 erutos
1153 1968 1297 2045 vidimus,

157 2080 247 2143 quos,
265 2070 296 2120 et
313 2057 391 2121 mari
406 2058 578 2136 demersos,
595 2057 731 2145 aequoris
751 2057 891 2121 furorem
905 2056 1061 2121 devorare
1075 2079 1141 2121 nou
1155 2056 1294 2142 potuisse

158 2145 387 2230 perspeximus.
434 2144 558 2230 Nuper,
576 2146 705 2223 etenim,
722 2145 851 2232 quidam
872 2162 990 2222 nautae,
1007 2156 1144 2229 urgente
1162 2157 1299 2231 tempes·

160 2246 237 2309 tate,
255 2233 296 2296 ad
325 2232 462 2296 Insulam
484 2232 670 2318 praedictam
692 2234 898 2310 devenerant,
910 2245 949 2296 et
969 2231 1109 2332 quassati
1124 2232 1220 2297 maris
1234 2245 1299 2297 tur·

158 2320 283 2384 binibus
308 2320 371 2384 illic
397 2321 507 2384 sedem
528 2320 643 2406 quietis
666 2321 880 2386 obtinuerant.
929 2319 994 2394 Qui
1015 2319 1094 2384 inibi
1108 2319 1229 2385 diutius
1244 2320 1299 2385 de·

160 2424 329 2484 morantes
348 2431 406 2472 nec
428 2431 515 2472 mare
538 2408 712 2473 desaeviens
735 2409 835 2472 voluit
860 2407 1091 2495 requiescendo
1127 2408 1224 2487 acari,
1241 2430 1298 2473 nee

160 2510 327 2561 ventorum
350 2496 551 2560 aestuantium
574 2497 812 2581 perturbemina
834 2494 1037 2580 complanari.
1119 2519 1157 2561 ec
1180 2495 1300 2584 aliquid

160 2585 205 2648 eis
234 2584 339 2669 potuit
365 2608 433 2648 esse
460 2583 601 2661 subsidii,
632 2584 690 2648 nisi
721 2584 838 2648 Beatus
871 2583 1069 2648 Cuthbertus
1099 2584 1299 2649 solummodo

160 2672 310 2737 voluisset
334 2671 454 2757 pietate
477 2671 570 2735 solita
604 2672 636 2734 in
659 2672 875 2736 subveniendo
909 2670 1062 2735 misereri.
1122 2671 1299 2737 cotidianis

161 2784 238 2844 ergo
263 2760 450 2844 singultibus
474 2772 507 2824 et
537 2760 713 2845 ejulatuum
737 2760 894 2845 vagitibus
921 2759 1058 2823 Beatum
1086 2758 1301 2825 Cuthbertum

161 2849 360 2924 invocabant,
389 2861 422 2911 et
445 2848 652 2932 temperando
675 2872 695 2912 a
717 2848 862 2933 precibus
885 2845 1038 2911 desistere
1059 2868 1126 2910 non
1147 2846 1301 2913 sciebant.

163 2935 234 2999 Nec
253 2936 448 3000 Cuthbertus
464 2936 544 3021 pius,
562 2934 607 2998 eis
630 2935 784 3000 obsistere
807 2934 918 3013 voluit,
935 2934 991 2999 sed
1013 2933 1142 2998 illorum
1156 2934 1302 3000 lacrimas

162 3023 338 3088 admirabili
363 3022 575 3087 consolamine
601 3023 777 3108 mitigando
805 3022 969 3087 relevavit.
1024 3020 1132 3086 Nocte
1162 3023 1302 3110 quddam

163 3112 310 3198 denique,
328 3112 402 3175 luna
418 3111 541 3175 clariori
557 3113 760 3176 tenebrarum
776 3113 910 3175 obscura
932 3108 1141 3191 illuminando
1163 3132 1303 3197 exsupe-

161 3214 262 3276 rante,
294 3200 426 3284 contigit
456 3214 491 3264 ut
518 3199 647 3287 quidam
676 3223 796 3276 eorum,
823 3222 883 3285 pro
908 3196 1077 3284 cujuslibet
1103 3197 1304 3263 necessitatis

161 3288 272 3372 gratia,
291 3288 331 3351 de
347 3288 443 3352 domo
458 3288 617 3374 hospitum
640 3287 716 3350 foris
740 3287 923 3364 excederet,
947 3299 981 3349 et
1003 3284 1143 3372 undique
1167 3285 1304 3350 circum·

162 3375 305 3460 spiciens,
323 3376 428 3439 omnia
450 3375 529 3439 sicut
552 3375 626 3439 solis
648 3374 765 3439 lumine
788 3374 900 3439 clarius
915 3372 1196 3439 rutilarevideret.
1244 3372 1301 3453 Et,

163 3463 204 3526 ad
233 3462 360 3526 navium
386 3486 512 3527 suarum
542 3463 717 3527 custodiam
746 3464 875 3527 obtutus
905 3484 977 3525 suos
1007 3457 1186 3544 dirigende,
1216 3460 1304 3529 forte

162 3551 321 3636 quendam
336 3551 497 3634 praeclarae
512 3550 686 3614 honestatis
709 3549 812 3613 virum
833 3548 985 3634 conspicit
998 3572 1006 3625 3
1029 3547 1083 3634 qui
1099 3547 1305 3633 omnigloria

163 3637 311 3702 infulatus
330 3638 523 3702 Pontificalis
534 3638 661 3702 ellblsit.
697 3637 768 3701 Nec
780 3652 848 3702 erat
858 3637 925 3721 ejus
934 3635 1153 3721 pulcritudinis
1164 3636 1304 3701 fomlam

164 3732 309 3801 edicere3
325 3749 365 3789 eo
380 3726 466 3812 quod
482 3749 590 3790 omnes
606 3725 728 3789 decoris
744 3725 927 3790 dulcedines
942 3722 1160 3789 inenarrabilis
1182 3721 1303 3809 speciei

164 3811 264 3894 gloria
279 3813 417 3877 habebat
436 3813 604 3877 excedere.
633 3811 716 3887 ‘Qui
737 3814 854 3891 statim,
871 3836 891 3877 a
911 3811 1005 3896 louge
1027 3810 1206 3896 procidens,
1223 3811 1305 3876 ado-

165 3900 264 3975 ravit3
288 3913 321 3963 et
347 3899 509 3984 Episcopo·
527 3901 644 3964 diutius
668 3900 774 3964 eundo
797 3915 830 3965 et
851 3900 1016 3964 redeundo
1039 3900 1237 3977 demorante,
1258 3899 1305 3965 ad

165 3986 265 4049 socios
281 3986 467 4051 excitandos
483 3989 628 4065 accurrit,
645 4011 717 4052 cum
733 3987 829 4052 nimia
842 3986 1045 4073 promptioris
1063 3985 1190 4071 spiritus
1208 3986 1303 4073 hyla·

165 4071 281 4149 ritate3
307 4085 328 4115 ‘⁶
343 4073 492 4158 Surgite''
511 4074 654 4161 inquiens
679 4087 700 4116 “
711 4099 805 4163 quarn
821 4076 932 4140 citius:
956 4098 1031 4157 ecce
1060 4074 1180 4138 Beatus
1198 4074 1305 4140 Cuth-

165 4157 274 4221 bertus
298 4161 359 4239 hic,
384 4160 514 4224 visibilis
541 4164 656 4246 specie,
680 4177 762 4227 astat
785 4188 852 4249 prae
876 4163 1005 4227 foribus
1055 4161 1126 4226 Nec
1152 4161 1304 4246 precibus

166 4266 339 4329 pauperum
355 4249 465 4312 deesse
480 4248 671 4331 dignabitur,
689 4250 714 4312 si
730 4251 853 4315 anobis
868 4251 992 4315 fidelius
1010 4250 1191 4314 adoretur.”
1216 4248 1304 4315 Mox

167 4353 286 4412 omnes,
304 4348 368 4398 tam
394 4334 453 4397 viri
479 4357 575 4421 quarn
597 4335 747 4415 l'oerninae,
764 4360 836 4406 cum
859 4338 1060 4403 festinatione
1086 4349 1303 4423 procurrunt·
