2924 4966
146 348 220 415 138
501 349 718 403 nsoruauor
748 350 942 403 srouacrn

151 614 338 677 {scinu-nr
366 622 549 668 sarnacum
569 620 651 671 ouis
680 598 822 665 Bassus
849 600 1114 669 Curuusnrrs
1140 622 1294 669 oeausrus

530 708 591 753 ssr
615 708 653 751 ru
680 688 927 751 Commune

149 870 248 935 CAP.
272 864 534 929 LXVIII--Dc
546 862 662 943 juvene
683 862 816 943 quodam
838 864 897 943 qui
918 866 1031 927 corvis
1051 866 1299 947 operantum

234 956 331 1017 Beati
347 952 504 1015 Cuttberti
521 948 754 1030 nidificantibus
774 948 929 1027 injuriam
950 950 1079 1031 tusam
1093 954 1298 1033 pratum

234 1040 381 1121 parimodo
394 1040 503 1117 dipitis
517 1038 551 1097 in
560 1036 702 1115 patrnam
715 1038 883 1097 mactis
898 1054 1036 1115 mam
1053 1056 1126 1101 Μ
1144 1040 1301 1101 aarum

235 1128 391 1205 receperit,
406 1125 559 1185 etiterum
573 1122 674 1183 Beato
689 1120 852 1185 Cottum
861 1124 1037 1187 miserante
1051 1126 1218 1189 reatitutuc
1228 1126 1271 1189 at

188 1296 285 1361 'furis
301 1292 485 1359 lucidissimi
500 1292 621 1357 Beatus
635 1291 834 1356 Cuthbertus
846 1290 952 1355 enitet
964 1292 1089 1373 odore,
1126 1296 1196 1371 uod
1206 1294 1302 1361 cnut

149 1384 291 1447 exterius
307 1382 363 1445 sed
379 1380 456 1443 (lum
479 1378 605 1463 ignibus
628 1379 844 1463 conflagratur
864 1378 1041 1443 suavitatis
1069 1316 1242 1447 nidoribus
1260 1402 1304 1467 ap·

150 1471 315 1555 probatur.
366 1466 461 1530 Nitor
484 1468 553 1551 ejus
572 1464 699 1549 justitia
722 1464 892 1539 clarescit3
914 1464 1001 1529 odor
1026 1468 1103 1553 ejus
1127 1492 1174 1533 ex
1196 1468 1303 1533 virtutis

151 1557 303 1642 operibus
318 1554 425 1619 animo
440 1552 640 1617 audientium
658 1550 820 1617 elucescit.
869 1550 1023 1625 Quorum
1047 1554 1196 1653 primum
1218 1568 1305 1641 temp·

151 1644 308 1707 tatianum
324 1642 414 1724 ignes
429 1639 565 1721 mitigat,
582 1638 721 1703 alterum
735 1660 813 1703 vero
828 1638 929 1703 robur
939 1638 1193 1724 proficrentium
1207 1662 1305 1707 acceu-

151 1732 200 1793 ‹lit
221 1745 254 1793 et
281 1726 437 1792 exercitia
463 1726 587 1789 sudoris
613 1725 753 1789 alleviat.
801 1724 924 1789 Beatus
946 1725 1088 1812 quidem
1114 1728 1304 1795 Cuthbertut

153 1819 226 1881 thus
257 1816 330 1879 Deo
357 1828 406 1878 est
429 1814 497 1877 veri
523 1812 713 1877 sacrificium
736 1812 941 1889 lrolocausti3
974 1812 1172 1879 lucidissimi
1197 1814 1304 1901 puritas

149 1903 285 1989 justitia·
302 1900 500 1974 indunrenti3
524 1898 606 1963 odor
620 1911 654 1963 et
675 1898 822 1963 bravium
844 1898 970 1984 praemii
994 1902 1214 1987 sempiterni3
1235 1902 1305 1989 ignis

152 1991 268 2055 amoris
284 2003 317 2053 et
333 2008 465 2051 summae
483 1986 587 2049 forma
608 1986 807 2061 dilectionis;
829 1985 992 2069 fragantia
1014 2000 1144 2051 eternoe
1172 1986 1305 2054 dulcedi·

153 2078 220 2153 nis3
245 2076 384 2141 suavitas
400 2072 503 2137 eterni
519 2086 553 2135 et
568 2073 712 2136 melliflui
727 2072 870 2159 saporis3
889 2072 985 2137 nidor
1000 2085 1035 2137 et
1050 2076 1305 2160 experimentum

152 2164 311 2247 religiosus
341 2161 441 2226 totius
471 2158 722 2225 exercitationis.
786 2158 933 2233 Quorum
962 2158 1094 2245 singula
1123 2162 1242 2227 melius
1268 2182 1304 2225 ex

152 2252 248 2336 ipsius
271 2249 420 2333 operibus
449 2246 611 2330 praeclaris
640 2246 840 2331 agnoscimus
868 2268 966 2331 quam
996 2247 1178 2313 verborum
1208 2248 1304 2313 officio

153 2338 316 2403 declarare
346 2333 513 2419 possimus.
561 2332 621 2397 Est
647 2334 722 2397 villa
748 2332 781 2396 in
805 2331 986 2397 Castrensis
1011 2334 1132 2417 patriae
1155 2334 1304 2401 extremit

152 2424 268 2489 finibus
284 2421 469 2497 constituta,
486 2420 519 2483 in
535 2418 603 2505 ipso
618 2420 713 2483 maris
728 2420 828 2484 limbo
843 2432 877 2484 et
891 2419 1002 2483 littore
1026 2420 1147 2505 posita,
1166 2422 1304 2487 listune

152 2514 170 2577 b
198 2507 517 2595 comprovincialibus
544 2506 702 2570 vocabulo
726 2507 823 2570 dicta.
878 2505 962 2579 Quae
990 2506 1176 2591 Anglorum
1199 2508 1304 2573 finiunt

152 2598 306 2663 terminus
328 2618 397 2660 esse
420 2593 625 2677 conspicitur,
642 2594 786 2679 eoquod
807 2592 849 2657 ad
870 2592 1013 2657 australe
1038 2594 1138 2659 maris
1162 2594 1305 2661 ultimum

152 2686 227 2750 litus
250 2681 344 2767 longe
371 2680 523 2746 secretius
547 2679 711 2745 eliminata
733 2702 826 2763 segre
868 2690 932 2743 tur.
1005 2678 1044 2743 In
1065 2682 1161 2767 cujus
1190 2678 1306 2747 villule

152 2771 292 2837 confinio
318 2768 486 2833 ecclesiola
511 2780 560 2831 est
590 2765 740 2851 contigue
768 2766 825 2831 fun
849 2778 914 2844 ata,
944 2764 978 2829 in
1007 2766 1104 2831 Beati
1135 2768 1307 2835 cuthberti

154 2861 311 2923 honorem
341 2855 480 2919 titulata.
543 2853 638 2930 Quae,
662 2853 739 2917 licet
762 2853 886 2937 capella
908 2852 950 2917 sit
972 2853 1176 2938 campestris,
1200 2866 1304 2921 exstat

156 2960 264 3011 tamen
289 2941 487 3007 nichominus
513 2940 649 3004 ecclesia
675 2939 883 3025 baptismalis.
941 2938 1025 3003 Hoec
1047 2939 1232 3029 antiquitus
1254 2941 1306 3009 vili

155 3044 285 3117 compta
307 3040 458 3105 scemate,
475 3027 534 3091 sed
562 3026 657 3090 Beati
682 3026 855 3091 Cuthberti
877 3024 998 3091 meritis
1020 3024 1189 3113 frequenti
1202 3028 1307 3115 signo·

155 3142 227 3184 rum
241 3116 417 3183 caelestium
432 3127 482 3178 est
496 3113 633 3200 praedita
646 3113 777 3178 virtute.
839 3112 935 3191 Nam,
952 3112 1036 3177 sicut
1057 3112 1093 3176 in
1110 3114 1308 3203 subsequen-

155 3207 241 3271 tibus
261 3201 486 3278 declarabitur,
510 3200 623 3264 crebrt
645 3199 830 3284 dignatione
855 3198 985 3284 pietatis
1009 3200 1114 3265 sancti
1141 3200 1307 3269 Pontificio

156 3294 342 3357 honoratur.
391 3287 475 3361 Quae
501 3286 622 3351 cultum
648 3287 809 3352 celebrem
830 3286 848 3351 b
871 3284 994 3371 populo
1015 3286 1207 3355 convicanei
1227 3288 1307 3355 narie

157 3380 319 3467 quondam
333 3374 437 3439 minus
452 3374 576 3451 habuit,
615 3373 668 3437 nia
681 3374 770 3437 locus
796 3371 1046 3459 contemptibilis
1072 3386 1108 3437 et
1131 3373 1308 3441 deformior

155 3466 315 3530 nonnullis
330 3461 489 3547 apparuit.
538 3396 635 3526 Unde
650 3459 786 3544 contigit
800 3460 889 3546 quod
904 3459 1040 3545 praefata
1052 3460 1227 3529 ecclesiola
1246 3462 1309 3527 vir·

156 3554 253 3639 gultis
268 3550 455 3616 informibus
470 3560 654 3613 constructa
667 3546 751 3611 adeo
778 3546 1040 3631 vilipenderetur,
1057 3546 1168 3635 sicque
1191 3550 1307 3615 nuullim

155 3639 311 3705 momenti
335 3636 432 3700 fuisse
456 3635 653 3699 crederetur.
700 3634 786 3697 Hinc
808 3634 943 3699 fortasse
961 3632 1038 3720 quia
1054 3632 1181 3701 Beatus
1206 3636 1308 3703 Cuth—

156 3729 267 3794 bertus
291 3722 608 3808 comprovincialibus
632 3743 676 3785 ex
698 3720 860 3807 frequenti
882 3720 943 3785 sibi
965 3719 1122 3785 virtutum
1144 3742 1309 3809 praeroga-

156 3816 222 3880 tiva
235 3814 297 3879 fuit
311 3813 458 3897 ignotus;
481 3808 567 3873 illinc
582 3807 659 3873 verb
675 3830 715 3873 eo
731 3808 819 3895 quod
840 3806 992 3872 silvarum
1009 3804 1117 3871 aditus
1132 3819 1169 3873 et
1182 3810 1306 3875 reditus

157 3896 396 3968 {conterminis
415 3895 532 3960 finibus
554 3894 681 3979 longius
707 3908 778 3959 erat
803 3907 965 3969 semotus3
987 3894 1075 3957 unde
1097 3916 1160 3959 nec
1173 3896 1307 3963 devotio

155 3988 356 4075 quorundam
372 3984 495 4047 animos
510 3982 553 4046 ad
570 3982 665 4047 Beati
683 3980 884 4047 Confessoris
909 3980 1124 4045 reverentiam
1150 3982 1308 4049 accende·

155 4091 216 4154 rat,
237 4075 313 4162 quia
334 4071 432 4157 ipsius
454 4068 630 4133 sanctitatis
653 4068 850 4154 praeconium
879 4067 1080 4153 ignorabant,
1108 4080 1143 4133 et
1171 4070 1308 4137 facultas

190 4209 199 4244 ¹
218 4215 242 4262 Δ
254 4213 355 4263 district
366 4212 394 4260 in
410 4208 455 4259 the
472 4204 597 4256 soutbem
614 4208 759 4273 extremity
770 4204 801 4257 of
814 4204 992 4257 Cumberland
1008 4220 1037 4255 so
1053 4202 1143 4257 ωηοᾱ.
1178 4206 1308 4269 Lixtune,

155 4275 290 4397 lpffiplerre,
295 4279 341 4330 the
352 4291 427 4329 scene
439 4272 469 4323 of
481 4272 527 4323 the
539 4272 613 4324 three
624 4273 755 4343 following
765 4272 891 4335 muncler,
902 4274 934 4339 ls,
945 4271 1081 4339 according
1091 4278 1120 4325 to
1130 4272 1270 4343 Beglnald,
1280 4276 1309 4327 la
