2924 4966
483 360 661 411 nouerat.
683 360 884 423 hinnitus,
906 362 990 410 nro.
1236 346 1306 416 lm

162 526 349 613 parentibus
376 537 409 590 et
439 525 563 589 caeteris
590 525 735 589 omnibus
763 537 864 588 totam
890 538 1017 589 noctem
1046 524 1243 611 iusompnem
1273 528 1308 590 in

161 615 309 679 laudibus
338 614 430 678 Beati
458 613 627 678 Cuthberti
658 613 820 696 persolvit.
868 613 964 677 Mane
991 613 1087 698 igitur
1112 614 1209 693 facto,
1238 637 1307 679 om-

163 725 219 767 nes
257 702 350 766 vicini
390 702 604 778 confluebant,
642 715 675 765 et
712 701 870 778 certatim,
904 701 993 788 quasi
1029 725 1103 765 eum
1144 725 1306 790 nunquam

161 790 255 856 antea
286 790 448 867 vidissent,
477 790 519 854 ad
553 791 622 874 ejus
656 789 849 875 colloquium
883 802 916 853 et
946 789 1124 853 contuitum
1158 790 1189 854 in
1219 814 1306 855 com·

160 877 264 941 mimis
285 879 510 963 properabant.
571 878 660 940 Sicut
676 877 760 939 enim
776 878 925 960 angelum
945 877 1009 941 Dei
1028 901 1137 942 omnes
1156 902 1231 942 eum
1249 903 1305 943 au-

159 966 285 1030 dientes
312 966 405 1030 Beati
431 964 602 1030 Cuthberti
624 965 783 1049 magnalia
801 965 962 1042 ridebant,
980 965 1055 1074 quia
1074 967 1160 1030 nulla
1174 966 1305 1030 omnino

160 1054 301 1139 pristinae
321 1053 512 1117 infirmitatis
535 1053 625 1137 signa
647 1053 679 1115 in
702 1077 742 1117 eo
765 1054 929 1138 parebant.
978 1054 1120 1142 Eratque
1145 1056 1250 1119 vultus
1274 1055 1304 1119 ei

159 1165 301 1219 serenus,
327 1142 421 1227 pleml
443 1142 536 1205 faciei
559 1141 771 1226 pulcritudine
798 1154 831 1205 et
857 1143 973 1206 rubore
1000 1143 1155 1226 perlirsus.
1206 1143 1303 1208 Unde

160 1251 228 1315 prae
243 1229 341 1293 nimio
357 1254 421 1315 quo
437 1229 551 1313 singuli
561 1229 740 1313 gestiebant
755 1229 884 1313 gaudio,
902 1253 1012 1294 omnes
1024 1231 1183 1315 stupendo
1195 1231 1305 1295 delici-

161 1319 258 1382 ebant
274 1318 307 1381 in
323 1331 422 1382 tantae
437 1318 484 1380 rei
500 1319 591 1401 signo
600 1331 633 1381 et
648 1316 801 1381 miraculo
817 1317 1055 1402 perpendendo.
1105 1318 1221 1406 Sicque
1237 1319 1304 1383 fac-

161 1418 230 1469 tum
250 1418 298 1470 est
320 1419 356 1470 ut
379 1428 452 1469 cum
471 1405 519 1468 his
543 1405 673 1468 domum
695 1428 788 1469 sanus
813 1405 1041 1494 incolumisque
1061 1407 1262 1491 procederet,
1285 1407 1303 1472 t

160 1494 275 1580 quibus
300 1494 341 1558 ad
365 1495 560 1579 sepulturam
580 1494 648 1577 jam
674 1492 770 1578 paulo
791 1505 865 1557 ante
888 1494 1014 1558 delatus
1041 1494 1162 1559 fuisset.
1209 1494 1304 1560 Licet

160 1581 257 1667 igitur
271 1581 323 1646 hic
343 1582 436 1646 Beati
463 1581 550 1645 Petri
573 1581 709 1666 apostoli
732 1581 764 1643 in
783 1581 887 1645 Beato
906 1581 1087 1646 Cuthberto
1103 1582 1229 1646 virtutis
1245 1582 1304 1646 mi·

160 1670 223 1734 rari
238 1683 272 1734 et
287 1670 468 1734 collaudare
484 1669 672 1754 potentiam,
686 1668 740 1755 qui
755 1669 917 1755 quondam
933 1681 1109 1733 accesserat
1124 1671 1166 1734 ad
1183 1670 1304 1734 Thabi-

160 1769 236 1836 tam,
250 1770 285 1823 et
300 1758 377 1821 dum
392 1771 528 1821 mortuae
544 1757 711 1821 dexteram
726 1757 936 1841 apprehendit
952 1780 1022 1822 eam
1035 1757 1139 1821 vivam
1154 1757 1302 1822 flentibus

160 1845 372 1910 et'orantibus
388 1845 570 1930 assignavit.
612 1844 682 1908 Nec
695 1844 809 1907 mirum
821 1845 846 1906 si
863 1845 982 1908 Beatus
998 1845 1196 1910 Cuthbertus
1211 1867 1304 1931 apos·

159 1932 263 1998 tolicis
279 1933 450 1998 virtutibus
467 1933 609 2018 effulget,
627 1934 716 2018 cujus
732 1932 907 1996 sanctitatis
923 1933 1118 2017 praeconium
1135 1935 1176 1997 ab
1191 1956 1302 1997 eorum

159 2021 366 2108 comparabili
381 2021 558 2086 imitatione
574 2043 638 2083 non
653 2019 797 2084 dissidet.
1074 2014 1078 2025 ’

159 2287 260 2352 CAP.
285 2288 513 2352 LXXI.—De
540 2287 615 2351 Viro
637 2291 692 2369 qui
713 2288 834 2350 lmstom
857 2291 1030 2350 montinio
1059 2288 1184 2351 eccbsid
1211 2289 1305 2353 Beati

248 2376 405 2440 Cuthbertt‘
418 2376 536 2457 furari
554 2377 650 2438 voluit
659 2399 673 2448 ,·
695 2376 828 2457 qualiter
841 2395 951 2438 manas
965 2377 1030 2456 ejus
1052 2377 1148 2439 hostae
1166 2385 1196 2438 et
1213 2378 1305 2441 hasta

244 2467 353 2526 manui
363 2465 428 2544 ey'us
443 2464 607 2538 inhaeserit,
624 2471 654 2526 et
663 2484 716 2526 nec
731 2484 762 2526 se
771 2464 820 2526 vel
832 2464 952 2526 hastam
963 2465 1001 2526 de
1015 2465 1078 2526 loco
1089 2467 1122 2526 ia
1136 2484 1197 2546 qao
1210 2467 1306 2548 defici

233 2551 371 2632 fuerant
383 2570 530 2614 semovere
539 2555 683 2631 potuerit.

205 2722 303 2789 Pater
317 2725 416 2789 futuri
432 2725 713 2810 saeculi-princeps
725 2726 821 2809 pacis,
837 2725 956 2789 Beatus
975 2726 1171 2790 Cuthbertus
1187 2728 1301 2792 merito

156 2811 284 2893 dicitur,
302 2836 342 2876 eo
357 2813 444 2899 quod
459 2813 554 2898 ipsius
570 2813 743 2898 paternitas
759 2814 790 2875 in
806 2814 887 2877 coelo
903 2826 936 2876 et
959 2814 991 2876 in
1014 2814 1099 2877 terra
1121 2837 1246 2899 semper
1269 2815 1301 2879 in

155 2901 244 3053 pacis
259 2900 361 2986 gloria
371 2902 522 2965 roborata
533 2902 681 2965 nutritur.
729 2900 813 2965 Nam
825 2902 883 2965 sub
897 2900 992 2985 ipsius
1004 2901 1182 2986 patrocinio
1193 2903 1302 2968 futura

180 3010 242 3053 ona
261 2989 294 3052 in
317 3011 372 3074 spe
394 2989 596 3074 percipimuS,
621 2989 706 3074 pacis
723 2988 799 3052 verb
823 2989 1002 3075 tranquillae
1025 2988 1219 3053 desiderium
1241 2993 1301 3055 sub

156 3077 227 3161 ejus
241 3077 450 3162 protectionis
463 3077 647 3142 umbraculo
664 3076 780 3141 cotidie
796 3078 991 3162 reportando
1006 3090 1182 3161 captamus.
1216 3077 1301 3142 Nam

154 3177 287 3252 quantae
302 3166 387 3249 pacis
403 3178 527 3230 amator
551 3178 584 3229 et
607 3166 710 3229 lactor
733 3167 785 3241 sit,
802 3164 902 3249 magis
918 3165 1067 3250 operibus
1082 3164 1177 3248 ipsius
1200 3166 1302 3229 admi-

153 3252 262 3317 randis
282 3253 462 3318 ostenditur
484 3277 580 3340 quam
603 3254 774 3316 verborum
793 3253 897 3316 officio
916 3254 1108 3316 declaretur.
1157 3253 1235 3317 Erat
1259 3254 1301 3316 si-

176 3340 286 3405 uidem
301 3342 441 3429 quodam
464 3355 609 3426 tempore
633 3340 664 3403 in
680 3363 744 3426 quo
761 3340 807 3402 vir
826 3340 955 3427 quidam
978 3340 1018 3403 de
1042 3340 1203 3424 provincial
1218 3364 1300 3425 prae-

154 3362 242 3493 dieta
256 3451 314 3515 per
330 3429 495 3495 ecclesiam
509 3429 601 3493 Beati
615 3429 785 3493 Cuthberti
797 3428 911 3512 saepius
924 3427 1117 3492 nominatam
1130 3432 1299 3492 transitum

152 3515 286 3596 faceret,
303 3518 433 3605 votique
452 3517 616 3602 proposito
636 3516 794 3580 desiderio
814 3517 938 3593 ductus,
959 3515 1083 3579 ineam
1103 3516 1214 3580 orandi
1232 3517 1299 3582 sive

153 3604 310 3670 offerendi
339 3605 442 3690 grati&
471 3605 627 3669 introiret.
691 3605 756 3677 Qui
785 3604 919 3680 hastam,
951 3626 1044 3690 quam
1068 3627 1164 3667 manu
1188 3617 1300 3670 tenue-

151 3705 214 3772 rat,
231 3707 322 3781 cytra
336 3692 536 3780 cymiterium
551 3691 671 3756 firmius
690 3693 759 3756 solo
774 3692 943 3756 defixerat.
1001 3691 1065 3765 Qui
1085 3691 1162 3755 dum
1177 3716 1299 3758 moram

152 3780 287 3861 faceret,
315 3781 486 3868 nichilique
510 3782 551 3844 de
575 3782 632 3844 sua
649 3781 740 3846 hasta
766 3779 933 3864 cogitaret,
953 3779 1087 3864 contigit
1109 3793 1145 3843 ut
1168 3781 1299 3867 quidam

152 3869 257 3934 viator
272 3869 440 3936 transitum
456 3868 510 3933 illb
525 3869 630 3933 facere
651 3868 825 3944 debuisset,
842 3868 1028 3953 hastamque
1045 3868 1130 3931 illam
1145 3868 1212 3931 sine
1228 3892 1298 3932 cus-

152 3957 230 4022 tode
246 3970 384 4022 stantem
398 3957 607 4042 conspiceret.
642 3956 706 4031 Qui
721 3956 880 4019 desiderio
896 3956 1084 4031 stimulatus,
1101 3978 1178 4020 mox
1193 3979 1298 4020 acces-

153 4044 195 4109 sit
209 4046 399 4130 intrepidus,
416 4069 487 4111 eam
511 4068 551 4108 ue
566 4068 663 4109 manu
680 4043 832 4128 corripuit
849 4057 881 4106 et
894 4041 1043 4107 anxiusa
1068 4043 1135 4107 solo
1159 4045 1297 4110 evellere

153 4131 272 4197 viribus
287 4134 395 4218 coepit.
445 4070 510 4198 Sed
524 4133 605 4198 miro
620 4133 717 4196 modo
733 4146 765 4196 et
781 4131 968 4208 incredibili,
986 4153 1062 4193 mox
1077 4131 1168 4194 hasta
1183 4132 1238 4195 illa
1252 4135 1297 4198 ita

153 4242 283 4285 manum
298 4222 380 4286 illius
397 4224 501 4287 tenuit
516 4222 603 4308 quod
619 4244 677 4284 nec
693 4221 759 4304 ipse
774 4219 898 4283 hastam
913 4242 972 4283 nec
987 4219 1079 4283 hasta
1093 4242 1167 4282 eum
1183 4219 1297 4284 demit-

153 4321 222 4375 tere
252 4309 367 4395 potuit.
417 4311 651 4396 Solotenusque
676 4309 720 4372 ita
746 4330 818 4370 cmn
844 4308 935 4372 hasta
960 4307 1103 4370 lraerehat
1127 4308 1214 4394 quod
1237 4332 1297 4373 nec

153 4397 268 4481 pedem
292 4398 343 4463 vel
365 4419 494 4464 manum
513 4421 641 4463 movere
662 4395 867 4482 praevalebat.
930 4394 1172 4483 Mirabaturque
1192 4396 1233 4460 de
1258 4421 1297 4461 eo

747 4505 769 4550 K
