2924 4966
150 397 225 464 abo
500 406 715 458 nacturum
745 405 927 456 uouncar

155 664 255 730 CAP.
280 662 342 727 CX
345 661 477 726 V.-De
498 662 632 745 qtrddam
645 661 740 724 nobili
751 660 902 734 matrona
919 660 1013 724 Beati
1030 659 1184 724 euchberti
1202 664 1292 725 meri·

475 751 516 812 tia
528 771 549 814 a
558 751 704 832 passione
714 750 819 830 yliacd
833 749 972 812 liberata

203 924 282 990 Erat
297 923 445 1010 quaedam
459 937 605 988 matrona
618 922 732 987 nobilis
750 923 876 1013 [Agnes
891 927 923 987 in
937 921 1091 1010 ntorqirw]
1109 923 1209 987 multa
1224 945 1296 1009 per·

155 1025 269 1077 orn'ata
283 1011 462 1076 moralitate
477 1011 613 1075 virtutis.
660 1009 745 1075 Nam
756 1010 956 1074 nobilitatem
967 1010 1092 1095 generis
1103 1012 1296 1097 perornabat

156 1100 261 1184 gratia
282 1100 437 1177 honestae,
460 1098 612 1184 providae,
637 1112 670 1163 et
695 1098 754 1184 piis
780 1098 925 1162 moribus.
943 1099 1085 1183 gravidae
1107 1113 1140 1163 et
1161 1112 1296 1164 maturae

157 1187 416 1258 conversationis.
475 1186 621 1272 Contigit
638 1186 735 1272 igitur
749 1201 796 1264 ut,
813 1187 854 1250 de
870 1208 958 1251 more
975 1186 1035 1250 sibi
1050 1187 1154 1266 solito,
1172 1188 1296 1252 fleubo-

158 1288 281 1340 tomata
303 1275 372 1340 dies
396 1274 543 1339 diminuti
569 1273 729 1359 sanguinis
755 1273 917 1339 sollicitihs
943 1275 1138 1353 observaret,
1152 1299 1193 1340 eo
1208 1276 1295 1363 quod

157 1362 228 1427 talis
244 1363 398 1427 custodiae
413 1362 645 1427 observantiam
660 1362 805 1427 omnibus
828 1362 955 1426 minutis
978 1363 1070 1426 nimis
1092 1386 1297 1448 pernecessa-

154 1452 238 1515 riam
264 1450 379 1536 saepius
402 1474 422 1514 a
447 1451 589 1536 pluribus
614 1450 786 1516 didicisset.
834 1451 876 1514 Et
899 1451 973 1537 quia
996 1465 1072 1515 tuno
1097 1451 1296 1538 frequentiis

157 1538 328 1626 aliquando
343 1539 476 1604 adversa
489 1539 652 1625 ingruunt,
669 1539 796 1626 quando
814 1538 931 1625 quique
952 1538 1114 1603 hominum
1133 1540 1295 1605 ardentius

158 1648 311 1712 prospera
330 1626 568 1713 concupiscunt,
585 1626 699 1692 accidit
720 1627 804 1691 forte
830 1640 866 1691 ut
889 1626 960 1691 huic
975 1626 1137 1714 quippiam
1160 1627 1295 1693 sinistrae

158 1714 405 1799 perturbationis
429 1715 598 1794 accideret,
615 1738 680 1802 quo
698 1714 810 1780 anxias
829 1715 934 1779 subito
954 1728 1136 1800 aggravata,
1155 1715 1295 1802 quietem

159 1802 385 1881 diminutionis,
408 1803 441 1868 in
463 1803 695 1868 vehementiam
725 1802 888 1868 acerrimae
917 1803 1138 1880 tribulationis,
1167 1805 1296 1868 turbato

39 1940 45 1957 .
155 1903 230 1954 ‘toto
256 1892 360 1956 cordis
380 1892 532 1977 sanguiue
551 1905 772 1967 commutaret.
820 1890 903 1965 Quae
928 1890 1087 1975 sanguinis
1111 1892 1295 1969 commotio,

160 1978 237 2042 dum
259 1979 352 2044 citius
370 1979 529 2045 attenuari
551 2003 616 2045 non
637 1980 752 2065 potuit,
768 1979 920 2065 paulatim
934 1979 967 2042 in
990 1979 1152 2043 deteriora
1166 1980 1296 2045 descen·

160 2066 251 2145 dens,
268 2067 373 2131 subito
388 2068 592 2152 asperrimam
612 2068 790 2153 passionem
803 2067 903 2154 ylium
917 2090 990 2132 cum
1006 2069 1118 2132 crebra
1139 2068 1295 2153 vertigine

159 2155 316 2220 viscerum
341 2154 562 2220 intestinorum
585 2155 764 2240 parturivit.
812 2155 900 2220 Inter
922 2177 1006 2242 quae,
1033 2169 1136 2240 gutta,
1152 2156 1295 2240 pluribus

159 2244 342 2307 morborum
368 2243 537 2327 generibus
563 2243 637 2308 satis
663 2255 799 2321 assueta,
817 2243 909 2307 nimis
932 2256 1064 2308 cruenta
1086 2243 1246 2323 discurrit,
1263 2258 1295 2309 et

160 2344 282 2395 motum
298 2331 456 2415 sanguinis
471 2331 636 2397 confusum
651 2333 688 2396 et'
700 2331 922 2417 aegritudinem
937 2330 1047 2418 ylium,
1063 2355 1134 2396 cum
1150 2333 1295 2417 passione

154 2417 254 2482 'nimia
267 2418 531 2496 interraneorum,
547 2418 673 2483 mixtim
687 2419 819 2484 confuso
834 2419 946 2484 ordine
961 2420 1170 2504 proturbavit.
1194 2420 1295 2486 'Unde

158 2506 261 2584 dolor,
272 2529 366 2592 quem
382 2506 465 2570 trina
476 2506 580 2593 passio
594 2507 824 2592 praenominata
832 2507 983 2585 efficerat,
996 2507 1037 2571 ad
1046 2530 1102 2572 cor
1112 2507 1295 2572 faemineum

158 2594 246 2680 quod
257 2593 443 2659 naturaliter
456 2594 489 2657 in
503 2594 603 2659 latere
619 2595 745 2659 sinistro
759 2595 890 2674 latebat,
907 2595 1071 2671 ascendit3
1094 2607 1127 2659 et
1141 2616 1200 2680 per
1214 2597 1296 2659 mul-

159 2695 210 2746 tos
225 2681 293 2746 dies
309 2690 373 2746 tam
389 2704 555 2746 exsensem
570 2705 652 2767 pene
668 2706 763 2770 quam
777 2683 958 2748 exanimem
972 2682 1122 2748 reddidit.
1169 2683 1199 2746 A
1213 2684 1295 2747 mul-

159 2769 200 2834 tis
230 2770 327 2856 igitur
359 2770 400 2834 de
423 2770 525 2835 salute
555 2771 771 2856 recuperanda
799 2771 968 2856 desperata
995 2769 1112 2835 diutius
1140 2769 1293 2856 languere

159 2858 267 2944 coepit,
295 2873 328 2923 et
354 2858 436 2923 adeo
462 2871 580 2923 vexata
602 2858 703 2922 nimiis
729 2859 892 2923 doloribus
918 2858 1052 2938 exstitit,
1075 2858 1162 2946 quod
1187 2858 1294 2944 potiris

158 2959 295 3012 mortem
308 2947 445 3012 celerem
460 2969 556 3034 quarn
571 2949 669 3011 vitam
684 2959 749 3011 tam
763 2946 930 3012 funebrem
947 2938 1065 3012 ducere
1082 2945 1198 3032 saepius
1213 2970 1296 3033 prae-

157 3035 290 3120 optavit.
337 3035 482 3099 Tandem
506 3025 623 3100 salubri
646 3048 802 3121 concepto
828 3035 959 3102 consilio
971 3059 980 3112 ;
1018 3048 1083 3100 tres
1108 3035 1200 3100 amici
1226 3037 1295 3121 ejus

158 3136 260 3188 sortes
283 3123 382 3187 tribus
408 3123 576 3209 praecipuis
605 3123 782 3209 Anglorum
810 3123 943 3202 Sanctis,
974 3123 1105 3203 Sancto,
1133 3122 1293 3203 videlicet,

161 3212 352 3289 Cuthberto,
378 3226 411 3276 et
439 3211 557 3276 Sancto
582 3211 781 3290 AEdmundo,
806 3225 841 3276 et
869 3212 972 3276 Beato
1000 3211 1136 3276 Thomae
1168 3211 1295 3276 Martiri

162 3299 280 3364 Christi
294 3298 439 3385 precioso
453 3298 669 3376 constituunt3
692 3313 844 3365 voventes
859 3300 990 3364 seillam
1000 3299 1041 3363 ad
1056 3298 1145 3363 illum
1159 3301 1296 3385 produc·

160 3399 258 3466 turos,
275 3389 489 3474 cujuscunque.
516 3387 624 3452 Sancti
647 3411 713 3451 sors
737 3386 837 3452 tercio
856 3387 922 3452 sine
944 3386 1073 3452 alterius
1091 3387 1296 3453 intercisione

159 3475 200 3538 ad
215 3475 378 3561 superiora
399 3477 591 3561 proveniret.
638 3475 758 3540 Mirum
779 3475 877 3560 igitur
899 3475 931 3538 in
953 3475 1094 3554 modum,
1112 3475 1213 3540 tribus
1229 3477 1297 3541 illa·

158 3585 229 3626 rum
238 3564 370 3627 sortium
380 3563 542 3648 particulis
551 3586 656 3648 panno
668 3564 860 3628 obvolvente
869 3562 1005 3642 inclusiS,
1017 3565 1094 3627 dum
1105 3563 1220 3628 mulier
1228 3564 1297 3650 ipsa

160 3673 253 3714 manu
274 3651 411 3738 aliquam
439 3651 565 3715 illarum
594 3665 780 3736 correptura
803 3651 959 3730 adhibuit,
991 3649 1091 3716 tercio
1115 3651 1182 3715 sine
1208 3652 1295 3716 omni

159 3738 289 3825 alicujus
301 3739 429 3803 alterius
441 3739 632 3818 interventu,
649 3739 741 3803 sortis
757 3740 957 3824 paniculum,
971 3762 1043 3826 quae
1060 3741 1178 3804 Sancto
1193 3740 1296 3805 Cuth-

159 3827 253 3891 berto
273 3827 377 3891 dicata
399 3826 470 3904 fuit,
487 3827 629 3913 arripuit.
679 3827 775 3892 Unde
797 3826 906 3892 statim
929 3850 988 3913 spe·
1005 3827 1145 3914 hylarior
1171 3841 1205 3892 et
1230 3829 1295 3893 fide

158 3914 312 4000 vegetior,
334 3916 451 3980 Sancto
470 3914 650 3980 Cuthberto
672 3937 705 3979 se
727 3915 943 4000 profecturam
958 3915 1097 3992 devovit,
1111 3929 1145 3979 et
1162 3917 1297 3981 candela

153 4003 241 4068 facta
264 4016 333 4067 toto
355 4025 488 4089 corpore
510 4003 699 4081 mensurata,
723 4002 755 4066 in
778 4003 890 4068 eadem
903 4003 1164 4068 hord'meliorari
1186 4007 1295 4091 coepit.

164 4091 246 4165 Quae
261 4115 337 4156 mox
353 4105 475 4176 postea,
488 4103 525 4154 ut
540 4114 655 4177 equum
672 4090 854 4176 profectura
875 4091 1069 4170 conscendit,
1086 4104 1210 4155 motum
1225 4116 1296 4161 san·

159 4180 260 4267 guinis
275 4178 409 4257 deliniri,
427 4179 537 4243 dolore
551 4179 650 4266 ylium
666 4193 699 4244 et
722 4183 861 4243 omniurn
884 4179 1134 4244 interraneorum
1149 4194 1297 4246 attenua·

160 4282 229 4330 tum
244 4267 385 4344 diminui,
403 4280 435 4331 et
450 4280 574 4351 guttam
592 4267 794 4331 furibundam
808 4268 937 4332 omnino
951 4267 1112 4353 deperisse
1127 4291 1164 4332 ac
1180 4269 1295 4334 cassari

161 4355 324 4440 persensit.
371 4355 565 4419 Dunelmum
580 4356 648 4419 sola
662 4355 834 4442 equitando
849 4354 916 4420 sine
938 4355 1001 4420 alio
1023 4355 1200 4421 sustinente
1223 4380 1296 4443 per-

160 4443 257 4523 venit,
283 4467 355 4529 quae
379 4443 432 4506 vix
457 4456 530 4508 ante
555 4441 572 4506 *a
598 4457 734 4529 quatuor
757 4443 906 4508 ministris
933 4444 974 4508 ad
1000 4442 1129 4530 aliquod
1152 4446 1294 4531 corporis
