2924 4966
470 432 647 482 nunanu.
671 431 872 492 LIBELLUS,
892 431 976 478 arc.
1246 413 1294 490 97

151 607 216 657 tarn
233 593 384 657 decenter
407 593 536 659 inclusa.
585 595 725 658 Loculus
749 595 834 658 enim
854 594 906 657 ille
926 593 1054 668 sericus,
1077 591 1164 655 tanta
1183 613 1296 654 venus-

152 695 218 744 tate
242 697 409 758 contexuS,
427 695 460 746 et
483 684 617 746 diversae
641 683 860 768 pulcritudinis
875 695 1016 757 ornatus,
1034 679 1087 766 qui
1104 693 1168 742 tam
1189 679 1296 742 multi-

150 770 246 832 moda
268 770 429 834 eminebat
453 771 647 835 involutione
671 770 875 855 compositus
901 783 934 833 et
956 768 1083 853 majoris
1107 768 1174 852 spei
1197 767 1293 830 dabat

150 856 310 934 fiduciam,
332 872 365 921 et
388 859 519 943 alicujus
542 859 670 923 maximi
693 859 831 943 depositi
854 857 1098 921 commendabat
1121 853 1294 919 audatiam.

154 945 301 1008 Tandem
324 947 468 1009 involuta
491 947 675 1023 dissolvenS,
700 960 733 1009 et
756 946 878 1010 inclusa
901 944 1083 1019 extrahens,
1101 943 1219 1027 scripta
1241 942 1295 1006 illa

150 1055 224 1095 cum
246 1033 376 1117 picturis
393 1049 426 1097 et
441 1034 572 1098 diversis
589 1035 752 1098 literarum
773 1034 881 1118 figuris
903 1033 978 1096 dum
1002 1030 1136 1117 aperuit,
1154 1052 1294 1115 pannum

151 1120 338 1203 praedictnm
354 1122 394 1185 de
412 1121 518 1185 Sancti
538 1122 707 1186 Cuthberti
730 1122 869 1208 reliquiis
886 1121 1015 1185 interius
1031 1121 1183 1183 decenter
1206 1117 1294 1179 invo-

151 1207 252 1270 lutum
277 1209 406 1273 invenit.
456 1210 520 1283 Qui
544 1233 583 1274 ea
604 1210 663 1287 his,
680 1233 752 1298 qnae
776 1212 861 1294 prius
884 1209 1039 1285 audierat,
1056 1230 1163 1293 secum
1186 1205 1295 1268 confe-

151 1318 234 1371 rens,
260 1312 293 1359 et
316 1321 389 1383 quae
412 1310 486 1360 ante
509 1322 528 1361 a
550 1298 705 1383 praedicto
725 1298 792 1360 viro
815 1297 970 1374 audierat,
987 1295 1093 1360 animal
1115 1295 1291 1370 revolvens,

153 1396 218 1446 tam
234 1385 386 1448 audacter
401 1408 497 1471 quam
521 1385 732 1450 irreverenter
747 1409 786 1450 ea
808 1385 1023 1449 examinanda
1037 1382 1160 1447 censuit
1173 1406 1181 1456 ;
1205 1400 1239 1444 et
1254 1381 1295 1445 de

152 1471 320 1536 sanctitate
347 1473 440 1536 Beati
463 1473 633 1538 Cuthberti
652 1474 796 1537 diffidere
817 1473 925 1558 coepit.
974 1471 1178 1535 Stornacabat
1197 1469 1293 1544 enim,

152 1561 228 1645 quia
247 1574 344 1623 tantae
364 1561 493 1624 vilitatis
517 1585 655 1646 pannum
672 1577 707 1624 ut
730 1563 863 1646 putabat
886 1560 1007 1624 loculus
1030 1557 1202 1644 preciosior
1220 1579 1296 1620 con-

154 1661 313 1723 servaret3
330 1664 363 1712 et
378 1648 504 1733 dignior
520 1649 621 1713 viliori
638 1649 797 1713 servitutis
820 1648 924 1712 officio
945 1646 1148 1710 ministraret.
1197 1644 1296 1710 Unde

151 1747 216 1797 tam
232 1735 407 1800 diffidentia
417 1738 543 1814 ductus,
556 1760 652 1824 quam
668 1737 854 1801 temeritatis
870 1735 998 1799 audatia
1013 1747 1206 1819 praeventus
1216 1754 1294 1795 mox

151 1822 281 1887 domum
290 1824 398 1902 subiit,
410 1839 442 1888 et
452 1825 534 1889 inter
544 1825 721 1910 potantium
734 1827 841 1889 turbas
851 1823 935 1888 circa
944 1825 1033 1907 ignes
1042 1820 1249 1886 residentium
1261 1842 1295 1882 se

151 1909 291 1994 ingessit.
336 1913 447 1976 Voluit
460 1926 566 1977 tamen
582 1913 692 1990 latere,
706 1913 793 2000 qnod
811 1934 907 1998 opere
924 1922 1108 1995 perpetrare
1122 1907 1275 1993 disposuit
1287 1931 1296 1982 ;

153 1999 236 2062 unde
248 2013 281 2062 et
290 2001 371 2063 clam
380 2024 518 2084 pannum
529 2001 630 2086 ipsum
641 2001 695 2064 illo
703 2000 736 2063 in
744 2000 856 2064 mediis
866 2000 990 2084 ignibus
1003 1997 1121 2082 injecit,
1131 1995 1186 2060 ubi
1196 1995 1296 2079 magis

152 2109 281 2150 voraces
297 2089 437 2152 flammas
453 2089 607 2153 desaevire
619 2089 797 2173 conspexit.
847 2087 922 2164 Sed,
935 2086 1079 2149 mirabile
1095 2083 1194 2161 dictu,
1215 2106 1292 2146 mox

152 2172 231 2258 ignis
247 2189 427 2240 exaestuans
439 2178 580 2240 flammas
590 2190 787 2264 retorquere,
799 2175 919 2240 ardoris
932 2173 1116 2258 voraginem
1130 2195 1195 2236 non
1210 2172 1294 2235 calo-

153 2262 195 2324 ris
208 2262 348 2327 fervores
364 2265 521 2342 amittere,
539 2266 651 2328 ardere
666 2289 730 2328 non
746 2266 787 2328 ad
806 2262 1092 2347 consumptionem,
1110 2261 1213 2324 calere
1229 2282 1293 2322 non

154 2349 195 2412 ad
210 2352 404 2435 flagrationis
420 2353 621 2417 exustionem
644 2355 752 2438 coepit.
800 2352 924 2417 Globus
944 2350 1028 2415 enim
1052 2349 1132 2434 ignis
1155 2371 1294 2432 pannum

156 2438 320 2503 continens
351 2462 416 2504 non
446 2441 655 2526 consumpsit;
679 2465 712 2505 se
739 2441 841 2526 ipsum
864 2462 976 2504 vorare
1003 2437 1118 2523 potuit,
1146 2448 1181 2499 et
1206 2436 1295 2499 illum

154 2526 271 2590 laedere
284 2528 488 2592 desaeviendo
502 2552 568 2592 non
582 2529 800 2615 praesumpsit:
816 2541 850 2592 et
866 2527 916 2591 cui
928 2527 972 2590 nil
987 2525 1150 2590 materiale
1166 2524 1294 2600 resistit,

155 2613 238 2678 hunc
253 2638 374 2699 pannus
397 2615 522 2700 integer
544 2617 716 2681 edomavit.
764 2617 826 2681 Cui
848 2639 942 2679 omne
965 2613 1129 2678 materiale
1152 2612 1239 2676 cedit
1254 2612 1295 2676 ad

154 2701 343 2780 fomentum,
355 2727 448 2768 omne
461 2704 578 2768 siccum
588 2707 710 2789 praebet
720 2704 918 2792 obsequium,
925 2725 1019 2766 omne
1031 2701 1181 2786 frigidum
1189 2701 1296 2764 calore

155 2789 360 2868 incandescit,
385 2815 479 2856 omne
502 2792 618 2856 durum
640 2793 794 2856 dissiliens
817 2790 993 2878 eliquescit,
1016 2789 1091 2853 huic
1114 2812 1174 2852 nec
1201 2789 1296 2873 panni

156 2877 247 2942 unius
263 2878 383 2942 fabrica
396 2880 444 2943 sui
460 2880 551 2944 dedit
565 2880 737 2957 incedium,
755 2904 813 2944 nec
833 2879 956 2943 siccitas
972 2877 1078 2941 ardori
1102 2876 1231 2939 indulsit
1247 2899 1298 2940 re«

157 2964 331 3050 frigerium,
347 2990 407 3031 nec
419 2969 557 3033 delicata
571 2968 616 3032 fili
629 2969 811 3032 teneritudo
827 2969 895 3053 ejus
910 2966 1027 3030 sentire
1044 2965 1148 3049 potuit
1162 2963 1297 3027 dissolu·

156 3054 278 3117 tionem
290 3056 340 3118 vel
356 3069 485 3121 textura
500 3057 596 3121 ullam
611 3057 658 3120 sui
671 3056 771 3143 quivit
787 3055 975 3119 contrahere
991 3053 1165 3116 laesionem.
1214 3053 1297 3116 Cum

157 3163 246 3226 ergo,
263 3141 329 3206 fere
352 3167 409 3228 per
424 3145 502 3208 duas
524 3145 629 3222 horas,
646 3167 768 3230 pannus
792 3146 824 3206 in
847 3143 952 3227 ignem
971 3142 1105 3226 jaceret,
1123 3153 1156 3202 et
1179 3138 1298 3202 nnllam

157 3231 205 3292 sui
221 3229 347 3314 penitus
363 3231 525 3296 laesionem
537 3233 750 3309 contraheret,
764 3230 895 3294 clericus
912 3230 975 3306 ille,
987 3230 1100 3292 timore
1113 3227 1295 3303 dissolutus,

156 3329 190 3380 et
204 3318 302 3381 nimio
312 3332 450 3384 tremore
463 3320 621 3396 confusus,
635 3322 693 3384 sub
705 3319 907 3384 festinatione
919 3339 1058 3402 pannum
1073 3315 1115 3378 ad
1126 3338 1159 3377 se
1175 3326 1299 3377 retrax-

157 3403 192 3481 it,
209 3407 316 3481 etsub
332 3408 531 3492 operimento
546 3407 668 3493 pristini
683 3406 778 3471 loculi
794 3405 972 3470 collocavit.
1014 3403 1224 3468 Considentes
1240 3401 1300 3464 ita·

157 3504 232 3579 que,
248 3493 325 3557 dum
340 3496 427 3595 quod
449 3510 598 3581 ageretur
621 3496 651 3558 in
676 3497 826 3571 niterent,
845 3507 888 3570 et,
905 3492 982 3581 quid
997 3491 1030 3554 in
1054 3490 1135 3575 ignis
1151 3489 1298 3553 incendio
1320 3564 1322 3568 Ι

157 3581 296 3665 positum
312 3581 433 3661 suaset,
450 3583 644 3661 dubitarent,
652 3520 738 3646 (dum
753 3583 806 3646 alii
818 3581 873 3669 qui
883 3580 1046 3656 vidissent,
1059 3600 1199 3663 pannum
1214 3577 1300 3640 dice-

157 3681 240 3747 rent,
258 3669 388 3756 quidam
403 3694 479 3735 vero
495 3695 531 3736 os
551 3671 602 3734 vel
620 3671 759 3756 lapidem
774 3669 869 3733 fuisse
885 3669 1097 3743 decertarent,
1115 3665 1168 3729 ille
1190 3663 1298 3728 reatds

158 3756 208 3821 sni
222 3759 367 3822 conscius
382 3773 514 3844 repente
530 3759 694 3844 disparuit,
711 3771 745 3823 et
760 3780 859 3844 usque
875 3757 917 3820 ad
935 3756 1107 3819 adventum
1123 3751 1193 3830 viri,
1210 3753 1299 3837 cujus

158 3846 273 3909 amissa
291 3861 465 3930 repererat,
488 3871 521 3911 se
542 3846 690 3910 occuluit.
739 3846 799 3911 Cui
814 3843 973 3920 redeunti,
990 3857 1022 3906 et
1038 3865 1095 3906 sua
1110 3863 1216 3904 coram
1227 3841 1301 3904 red-

159 3931 252 4010 didit,
267 3946 300 3997 et
312 3957 396 3998 nova
414 3935 505 3999 Beati
525 3935 694 4000 Cuthberti
707 3934 858 3997 miracula
872 3933 975 4018 palam
991 3929 1112 3995 cunctis
1128 3928 1299 3992 enarravit.

161 4019 428 4086 Nec-mirandum
443 4023 468 4086 si
483 4046 605 4108 pannus
621 4047 684 4109 quo
701 4021 794 4086 Beati
809 4019 979 4086 Cuthberti
994 4040 1108 4102 corpus
1120 4016 1299 4080 involutum

158 4108 293 4186 exstitit,
311 4132 369 4174 nec
385 4134 477 4197 aquae
499 4111 665 4175 humorem
681 4110 821 4195 suscipit,
839 4110 891 4173 vel
909 4107 989 4193 ignis
1004 4105 1167 4169 laesionem
1182 4105 1300 4169 sentire

157 4218 222 4260 non
238 4197 354 4281 potuit,
368 4221 440 4262 cum
455 4221 529 4262 caro
544 4199 612 4283 ipsa
622 4198 728 4263 vivens
745 4221 803 4262 nec
819 4221 932 4284 aquam
947 4191 1221 4278 concupiscentiae,
1235 4192 1301 4256 sive

160 4297 256 4348 aestus
268 4285 389 4372 aliquos
404 4286 569 4350 libidinum
579 4287 610 4351 in
622 4310 655 4351 se
668 4287 776 4372 vigere
792 4285 943 4371 permisit.
984 4283 1128 4346 Pannum
1141 4279 1246 4357 istum,
1261 4282 1301 4344 de

160 4394 225 4458 quo
240 4372 389 4452 diximus,
403 4386 437 4438 et
451 4397 509 4438 nos
522 4375 579 4460 ipsi
589 4374 735 4452 vidimus
753 4388 786 4438 et
802 4373 900 4437 oculis
917 4368 1174 4458 perlustravimus
1188 4392 1196 4444 ;
1213 4370 1302 4453 cujus

161 4458 288 4523 visionis
311 4475 344 4524 et
367 4461 525 4526 illaesionis
541 4482 636 4549 qnam
659 4464 765 4548 plures
788 4474 1037 4526 contrectatores
1061 4472 1094 4522 et
1117 4469 1214 4521 testes
1238 4469 1303 4520 tam

723 4574 745 4614 o
