2924 4966
161 320 231 389 108
508 338 722 387 nectuntur
752 338 942 389 mouscin

156 500 319 585 graviores
334 500 462 565 ultionis
477 524 586 587 poenas
601 502 802 567 sustinendus
819 503 1017 589 susciperet.
1082 502 1184 570 Tunc
1198 504 1248 569 ille
1260 504 1306 569 sub

156 588 359 654 testinatione
389 590 538 667 surrexit,
570 604 603 654 et
629 613 688 675 per
710 590 870 675 graduum
893 592 1080 656 descensus
1104 593 1152 657 ad
1174 592 1306 658 inferiora

156 676 355 762 perveniens,
379 677 511 741 fratrem
534 678 638 763 ipsum
663 678 803 763 repperit
827 692 862 743 et
893 679 988 745 exire
1020 680 1192 765 permisit.
1239 682 1306 745 Satis

156 765 253 849 igitur
267 764 452 829 admiranda
466 765 567 850 pietas
578 765 666 830 beati
685 766 885 831 Confessoris
902 768 1092 832 Cuthberti
1104 768 1141 831 in
1152 768 1305 869 hocoperc

156 852 285 929 cllblsit,
310 876 382 939 qme
405 854 501 917 etiam
524 876 583 938 pro
605 854 675 918 talis
698 854 819 939 negotii
845 854 1064 921 incommodo
1089 879 1154 921 suo
1178 857 1306 921 ministro

155 940 323 1005 subvenire
333 964 397 1004 non
408 940 513 1005 desiit.

158 1205 256 1269 CAP.
278 1206 559 1285 LII.-Quomodo
575 1207 726 1271 Romame
737 1207 825 1271 Sedis
839 1208 975 1287 legatum
998 1210 1038 1271 de
1058 1212 1165 1290 pravi
1178 1210 1305 1290 periculo

242 1296 340 1355 maris
355 1298 477 1369 eruerit,
494 1304 523 1356 et
537 1296 622 1357 illum
636 1316 704 1358 cum
718 1298 811 1358 sociis
824 1298 890 1357 suis
911 1298 1057 1359 omnibus
1076 1299 1259 1361 incolumem
1269 1299 1306 1361 od

242 1382 443 1444 Britannicos
443 1383 529 1464 fines
542 1384 705 1463 appulerit.

203 1553 255 1616 Ex
269 1553 399 1617 remotis
414 1554 527 1619 Romae
543 1555 684 1640 partibus
700 1556 829 1643 quidam
850 1554 972 1619 domini
997 1554 1103 1641 Papae
1118 1557 1248 1643 legatus
1266 1557 1301 1622 ad

160 1641 334 1704 Britanniae
363 1644 442 1707 fines
472 1644 656 1721 advenerat,
687 1644 741 1731 qui
772 1643 959 1728 Noruuagae
981 1644 1092 1728 gentis
1111 1645 1299 1723 barbariem,

156 1729 350 1813 praedicandi
377 1731 488 1815 gratia,
511 1731 703 1796 convertisse
727 1733 777 1797 vel
800 1731 977 1797 correxisse
1010 1732 1188 1797 debuerat.
1246 1732 1299 1799 cn·

157 1816 242 1881 idem
272 1818 360 1903 Papa
394 1819 577 1883 Alexander
598 1833 741 1884 mantum
763 1832 797 1884 et
826 1820 953 1883 mitram
979 1819 1012 1881 in
1042 1819 1115 1905 ipsa
1144 1821 1299 1907 legatione

156 1923 365 1983 concesserat,
383 1919 416 1970 et
436 1930 563 1971 crucem
578 1930 686 1971 coram
708 1907 763 1971 illo
786 1906 937 1972 anteferri
952 1921 986 1971 et
1001 1908 1250 1973 benedictiones
1263 1908 1299 1973 dc

156 2016 245 2057 more
261 1993 442 2079 episcopali,
459 2008 525 2058 tam
548 1995 581 2058 in
603 1996 689 2059 clero
711 2019 807 2082 quam
822 1995 854 2058 in
875 1995 996 2080 populo
1012 1995 1063 2059 cui
1078 1996 1299 2081 predicaturus

157 2094 236 2157 erat,
250 2083 439 2146 contulerat.
486 2083 548 2147 Hic
565 2096 671 2147 tamen
690 2083 865 2149 Cardinalis
880 2082 1094 2147 subdiaconus
1111 2083 1147 2146 in
1162 2084 1300 2149 Ecclesia

160 2169 304 2232 Romana
326 2170 505 2247 exstiterat,
519 2194 614 2258 quem
640 2184 690 2235 tot
711 2172 904 2257 dignitatum
925 2170 1102 2235 honoribus
1127 2173 1172 2236 ob
1194 2172 1298 2259 populi

155 2257 367 2321 reverentiam
404 2259 579 2343 apostolica
614 2259 816 2344 providentia
844 2256 987 2323 consulte
1019 2258 1095 2322 satis
1127 2260 1298 2325 extulerat.

160 2344 225 2418 Qui
244 2346 423 2430 Stephanus
438 2348 623 2425 vocabatur,
640 2361 673 2411 et
688 2348 730 2411 ad
745 2347 911 2433 imperium
926 2346 1048 2409 domini
1064 2346 1113 2411 sui
1124 2349 1298 2433 prudenter

156 2433 390 2517 egrediebatur.
419 2433 639 2520 Noruuagiam
653 2437 731 2520 ergo
743 2436 905 2521 profectus
920 2448 979 2512 est,
998 2448 1033 2498 et
1048 2434 1220 2519 magnific&
1231 2458 1296 2501 cre·

157 2520 234 2584 ditae
246 2521 304 2585 sibi
320 2522 562 2606 dispensationis
578 2523 690 2602 officia,
705 2524 863 2600 docendo,
880 2522 1079 2600 instruendo,
1094 2545 1298 2588 commouen-

156 2609 210 2684 do,
228 2622 260 2673 et
285 2610 500 2694 praedicando,
526 2625 696 2675 exsecutus
719 2626 779 2676 est.
826 2611 1042 2695 Regressurus
1065 2633 1145 2674 vero
1173 2610 1297 2676 Britan·

157 2695 240 2760 niam
264 2721 336 2761 cum
362 2701 426 2762 suis
450 2698 650 2763 consortibus
680 2722 793 2763 navem
822 2697 1062 2775 conscenderat,
1088 2710 1132 2776 et,
1157 2698 1297 2765 Domino

156 2799 326 2863 annuente,
358 2786 506 2850 ecclesias
530 2787 706 2871 Anglorum
733 2786 866 2850 invisere
894 2800 927 2850 et
956 2785 1066 2850 videre
1096 2786 1297 2871 disponebat.

159 2872 225 2936 Sed
239 2873 333 2937 maris
348 2874 413 2938 alta
434 2874 601 2952 sulcanteS,
618 2897 695 2938 mox
721 2888 770 2938 tot
789 2888 957 2938 ventorum
979 2873 1087 2937 flabris
1114 2886 1148 2937 et
1167 2874 1298 2939 aestibus

155 2961 283 3025 marinis
299 2985 424 3046 coepere
441 2962 577 3038 concuti3
597 2963 694 3049 qnod,
712 2962 797 3026 omni
813 2986 869 3047 spe
884 2961 973 3025 vitali
994 2960 1139 3025 funditus
1160 2962 1297 3047 perdita,

155 3049 250 3113 solius
266 3049 376 3113 mortis
399 3049 599 3134 dispendium
622 3050 790 3114 deficiente
806 3049 911 3114 animo
926 3062 1090 3133 coeperant
1108 3049 1297 3134 praestolari.

158 3137 281 3201 Ventus
297 3137 425 3224 quidem
441 3137 646 3223 tempestivus
662 3138 824 3215 saeviebat,
838 3151 871 3201 et
880 3138 1007 3223 gravior
1021 3136 1109 3201 unda
1122 3137 1220 3201 maris
1231 3138 1298 3207 tbat

156 3225 248 3289 altius
272 3240 304 3290 et
328 3225 566 3290 intumescendo
589 3226 744 3290 fervebat.
792 3226 935 3314 Eratque
951 3225 995 3289 eis
1011 3224 1105 3288 maris
1121 3226 1239 3291 fluctus
1261 3239 1297 3289 ut

155 3335 261 3377 murus
277 3315 322 3379 eis
338 3314 504 3377 altissimus
520 3315 539 3378 a
554 3315 675 3378 dextris
694 3327 727 3378 et
750 3314 769 3379 a
791 3313 932 3391 sinistris,
949 3313 1141 3401 quandoque
1155 3335 1295 3399 proram,

154 3403 367 3484 gubernatore
398 3403 598 3487 desperante,
630 3402 809 3487 dimergens
839 3402 881 3466 ad
910 3402 974 3465 ima
1003 3400 1173 3485 voraginis,
1198 3400 1297 3465 modo

154 3490 285 3574 puppim
301 3489 503 3575 praecitanter
518 3491 655 3567 elevanS,
673 3490 818 3553 omnibus
840 3513 922 3574 pene
939 3488 1119 3553 tabularum
1134 3488 1297 3574 compagi-

153 3576 245 3640 nibus
262 3577 432 3641 dissolutis.
489 3579 636 3665 Denique
653 3578 759 3642 omnia
773 3577 861 3640 navis
877 3601 943 3640 suae
959 3587 1157 3653 armamenta
1169 3576 1297 3663 rapien-

154 3663 237 3728 tibus
253 3666 345 3729 undis
368 3666 549 3743 amiserant,
567 3681 600 3731 et
622 3667 706 3730 malo
729 3666 848 3730 detrito
871 3665 933 3729 veli
956 3664 1004 3727 sni
1027 3663 1227 3749 operimenta
1248 3663 1295 3727 vis

153 3767 320 3817 ventorum
347 3777 404 3838 per
429 3755 528 3817 undas
558 3777 721 3841 aequoreas
744 3755 930 3818 dissecando
953 3752 1155 3838 disperserat.
1202 3752 1295 3816 Tunc

153 3839 267 3925 singuli
283 3842 399 3929 quique
417 3841 548 3905 Domini
563 3842 765 3907 clementiam
779 3842 948 3927 implorare
964 3853 997 3904 et
1017 3841 1208 3904 Sanctorum
1230 3838 1295 3905 Dei

154 3929 272 3993 auxilia
282 3931 417 3995 lacrimis
433 3942 466 3993 et
476 3930 605 3994 vocibus
618 3931 796 3995 miserando
808 3928 979 4015 spectaculi
990 3950 1108 4013 genere
1120 3927 1293 4012 postulare.

156 4015 215 4080 Ille
249 4018 340 4082 Beati
375 4018 463 4083 Petri
492 4018 704 4097 clementiam,
738 4018 816 4083 alius
851 4016 959 4081 Sancti
992 4015 1082 4080 Pauli
1111 4016 1298 4100 postulabat.

151 4102 262 4168 adesse
295 4106 507 4213 praesentiam,
532 4119 565 4170 et
598 4106 812 4193 unusquisque
847 4105 936 4169 illum
975 4105 1164 4168 Sanctorum
1195 4126 1294 4191 quem

152 4191 310 4276 praecipue
335 4194 484 4258 voluisset
502 4193 621 4258 habere
639 4207 820 4279 patronum.
879 4194 944 4257 Sed
970 4192 1074 4255 nullus
1101 4191 1294 4256 Sanctorum

150 4276 300 4358 perituris
316 4282 450 4344 voluiset
465 4281 575 4344 adesse
590 4282 740 4359 subsidio,
752 4296 788 4346 ut
803 4280 998 4346 manifestius
1014 4278 1135 4343 cunetis
1151 4278 1295 4343 innotes-

149 4377 238 4427 ceret
254 4381 382 4451 quantoe
398 4367 521 4431 virtutis
536 4367 637 4453 pietas
653 4382 735 4432 esset
759 4370 789 4433 in
816 4371 919 4435 Beato
945 4368 1136 4433 Cuthberto.
1198 4367 1293 4431 Tunc
