2924 4966
152 352 228 419 250
515 360 734 414 resoluatur
759 362 947 414 uoracur

152 531 236 596 adeo
251 528 379 594 letifero
394 527 518 612 sompni
539 527 699 612 proventu
713 549 883 611 oppressus
899 526 1063 607 occubuit,
1079 527 1169 616 quod
1185 527 1304 607 multis,

154 617 271 703 saepibs
283 631 316 680 et
332 612 473 679 crebrius
490 614 578 677 illum
590 614 622 677 in
632 614 773 678 diversas
784 613 931 698 regiones
940 615 1192 694 reflectentibus,
1210 617 1307 702 evigi-

153 706 212 770 lari
227 703 357 769 omnino
373 725 436 765 non
449 702 566 786 potuit.
621 701 685 765 Die
708 699 786 764 verb
801 705 947 785 sequenti
966 725 1104 766 excusso
1127 726 1244 788 sopore
1258 725 1307 769 re·

155 793 261 866 sedit3
284 790 341 854 sed
362 790 468 874 capud
491 789 589 853 instar
611 788 678 852 folii
703 789 825 852 arboris
850 803 947 853 vento
969 790 1093 874 agitati,
1110 791 1179 854 sine
1203 791 1306 878 aliqui

155 902 256 943 morae
271 877 510 961 intercapedine
526 876 742 953 interfluente,
756 897 883 960 semper
894 876 953 940 hac
969 891 1003 941 et
1019 876 1089 941 illac
1099 879 1227 961 jactare
1243 901 1305 942 nou

156 965 261 1030 desiit.
310 963 442 1029 Cunctis
464 963 603 1049 denique
623 962 822 1039 mirantibus,
843 963 979 1051 talisque
999 966 1174 1049 proventfis
1194 966 1306 1030 sedulo

156 1076 285 1117 causam
308 1051 560 1136 explorantibus,
584 1049 682 1135 coepit
704 1049 843 1127 edicere,
868 1066 1048 1115 matronam
1073 1053 1236 1138 quandam
1260 1053 1307 1116 ui-

156 1139 297 1225 griorem
312 1139 444 1223 fuligine
461 1136 519 1200 sibi
535 1137 568 1199 in
583 1137 735 1222 sompniis
750 1137 934 1221 apparuisse
951 1162 959 1201 ε
982 1161 1056 1225 quae
1071 1140 1177 1224 capud
1188 1140 1307 1204 dormi·

157 1227 239 1292 cutis
255 1227 400 1290 manibus
415 1219 594 1289 furibundis
618 1224 776 1288 violenter
799 1224 937 1302 intorsit,
954 1238 988 1289 et
1010 1227 1172 1291 anteriora
1195 1228 1307 1312 capitis

158 1315 200 1378 ad
223 1314 296 1377 colli
323 1313 502 1398 posteriora
527 1311 773 1398 contorquendo
798 1312 949 1376 reflexit:
981 1336 1141 1400 manuque
1169 1312 1305 1390 sinistrae

159 1401 285 1465 virtutis
301 1400 463 1485 graviores
480 1401 560 1463 ictus
577 1398 675 1476 illisit,
693 1399 725 1461 in
740 1398 872 1462 diversis
891 1399 1075 1484 regionibus
1100 1401 1217 1465 alterni
1236 1403 1308 1466 tim·

158 1491 256 1575 poris,
274 1488 424 1587 idemque
440 1509 520 1572 opus
536 1486 687 1573 nequitiae
702 1485 860 1563 exercuit,
878 1500 944 1550 tam
968 1487 1000 1549 in
1024 1487 1151 1551 verticis
1174 1491 1309 1574 superli-

159 1578 220 1654 cie,
243 1599 341 1662 quam
368 1599 400 1638 m
427 1573 541 1638 frontis
565 1597 622 1637 seu
649 1573 682 1636 in
711 1570 854 1658 occipitis
883 1573 1027 1658 regione.
1075 1575 1308 1663 Recede'nsque

161 1663 326 1748 praecepit,
344 1676 380 1725 ut
403 1661 490 1724 omni
513 1659 589 1724 vitae
604 1683 671 1724 suae
687 1670 844 1744 tempore,
861 1682 1023 1748 nunquam
1040 1685 1060 1726 a
1079 1662 1151 1726 talis
1176 1662 1308 1727 insaniae

159 1752 329 1815 desisteret
339 1747 574 1832 exagitacione.
612 1741 693 1811 ¹Nec
708 1746 813 1831 capud
827 1770 969 1834 uuquam
984 1750 1025 1812 ab
1035 1749 1174 1813 motibus
1187 1749 1310 1837 inquie-

161 1838 201 1902 tis
217 1839 456 1922 oomprimeret,
473 1835 531 1900 sed
551 1834 658 1920 potius
678 1826 845 1898 indefessis
863 1837 1094 1919 jactationibus
1114 1837 1174 1900 hac
1189 1851 1223 1901 et
1239 1839 1309 1902 illac

161 1925 400 2010 praecipitanter
414 1923 605 1986 inflecteret.
655 1920 753 1995 Quod
780 1920 832 1985 ille
852 1922 972 2000 dicens,
989 1940 1121 1987 cunctos
1141 1924 1309 1989 audientes

162 2036 219 2076 seu
235 2012 380 2075 videntes
397 2010 437 2074 ad
450 2011 651 2077 lacrimarum
667 2008 808 2072 lamenta
823 2011 1003 2086 convertit;
1038 2010 1114 2097 quia
1127 2034 1187 2096 pro
1203 2011 1312 2077 innata

162 2099 192 2163 ei
208 2099 379 2184 prudentia
394 2097 490 2161 simul
503 2111 538 2161 et
553 2095 657 2181 gratia
671 2095 794 2160 cunctis
806 2096 949 2161 amabilis
965 2097 1111 2161 exstitit:
1137 2099 1310 2186 Tauroque

163 2200 232 2252 erat
248 2199 439 2250 cunctorum
453 2184 599 2249 desolata
613 2180 770 2247 moestioia
783 2183 921 2267 gravior,
935 2207 1001 2272 quo
1016 2198 1112 2249 antea
1125 2187 1196 2270 ejus
1211 2185 1311 2252 dilec-

163 2273 209 2338 tio
225 2287 259 2337 et
271 2287 406 2336 venusta
420 2293 545 2335 morum
560 2263 745 2356 pulcritudo
756 2270 934 2357 quibusque
950 2272 1173 2337 consodalibus
1181 2273 1311 2358 elegen·-

163 2361 237 2424 tior.
286 2359 420 2423 Interim
443 2371 592 2442 parentes
607 2380 745 2421 moerore
764 2357 884 2434 suffusi,
902 2381 939 2422 ac
960 2358 1074 2424 dolore
1096 2360 1231 2438 confusi,
1244 2362 1312 2425 lanr-

163 2459 317 2531 guentem
336 2469 377 2510 eo
392 2467 475 2509 anno
491 2458 562 2508 toto
582 2442 614 2506 in
629 2444 762 2529 hospicii
777 2445 826 2508 sui
840 2445 971 2510 latebris
991 2446 1169 2524 includunt,
1189 2471 1249 2513 nec
1269 2448 1311 2513 ad

164 2530 327 2619 publicum
343 2531 519 2617 procedere
538 2531 733 2642 quandoque
748 2532 950 2616 permittunt.
1000 2534 1051 2597 Ex
1064 2534 1160 2598 nimiis
1170 2535 1310 2623 denique

164 2619 277 2707 capitis
293 2618 514 2706 inquietudine
530 2633 564 2682 et
586 2620 698 2682 crebra
716 2619 860 2704 jactandi
879 2619 1074 2698 infelicitate,
1092 2623 1222 2686 tandem
1237 2635 1311 2709 post

164 2730 306 2774 mensem
324 2709 485 2791 integrum
500 2704 628 2769 auditis
651 2705 854 2770 dulcedinem
877 2707 1028 2792 perdidit,
1045 2724 1079 2773 et
1095 2709 1213 2775 exinde
1228 2710 1311 2776 infra

164 2795 240 2861 anni
263 2791 429 2872 circulum,
454 2815 583 2856 omnem
597 2792 727 2856 videndi
748 2794 848 2858 aciem
871 2814 944 2858 cum
964 2796 1119 2859 luminum
1138 2797 1310 2862 serenitate

163 2880 280 2949 amisit.
329 2877 471 2947 Cervicis
487 2882 571 2944 enim
584 2880 691 2945 omnia
706 2881 819 2945 intima
830 2882 995 2946 indefessis
1010 2884 1149 2949 motibus
1161 2887 1309 2956 rotaban-

164 2987 227 3050 tur,
245 2984 278 3035 et
294 2967 445 3055 pestifera
468 2965 666 3052 aegritudinis
689 2967 857 3051 insolentie
879 2992 989 3034 omnes
1012 2994 1162 3035 sensuum
1186 2984 1310 3037 meatus

164 3060 215 3124 vel
226 3058 331 3123 aditus
340 3054 473 3120 interius
483 3053 607 3119 confusi
617 3048 861 3120 collidebantur.
884 3056 981 3122 Unde
993 3058 1131 3145 denique
1143 3070 1186 3123 'ex
1195 3059 1312 3124 intems

111 3147 114 3151 ’
162 3147 288 3232 pestivo
303 3157 393 3208 motu
411 3143 485 3207 colli
500 3142 707 3227 compaginis,
724 3143 816 3207 dolor
831 3143 976 3229 superius
991 3164 1122 3210 enatans
1138 3149 1172 3209 in
1186 3148 1311 3212 cerebri

163 3233 296 3310 cellulis,
322 3227 476 3317 paulatim
499 3226 614 3294 invasit
641 3227 820 3312 interiores¹
833 3231 965 3296 arterias
989 3246 1022 3297 et
1049 3246 1145 3296 venas
1171 3234 1311 3317 gutturis

161 3318 330 3384 inferioris.
380 3316 564 3404 Coepitque,
581 3309 637 3380 illo
653 3340 737 3380 anno
752 3319 894 3396 evolutu,
911 3341 984 3383 cum
996 3319 1129 3384 horrido
1144 3322 1262 3386 rubore
1277 3334 1312 3386 et

162 3407 251 3492 gravi
276 3406 388 3470 dolore
416 3426 511 3468 omne
541 3417 654 3489 guttur
680 3403 904 3484 intumescere,
929 3419 963 3471 et
992 3429 1121 3471 omnem
1155 3410 1244 3472 vocis
1273 3416 1312 3472 ab

163 3492 301 3580 loquelae
331 3493 361 3556 ei
396 3491 523 3577 penitus
557 3482 745 3555 facilitatem
779 3492 956 3557 abscidere.
1031 3494 1154 3558 Surdus
1188 3495 1308 3583 itaque,

163 3602 267 3644 caecus
287 3591 320 3643 et
339 3592 446 3642 mutus
462 3574 598 3654 exstitit,
615 3591 650 3641 et
672 3578 776 3663 capud
792 3601 918 3664 semper
927 3581 1085 3664 jactando
1102 3581 1143 3646 de
1162 3582 1264 3647 latere
1279 3583 1313 3646 in

163 3668 247 3731 latus
263 3663 419 3730 indefesse
435 3664 643 3729 circumtulit.
704 3665 866 3730 Adhibitis
889 3666 1029 3754 denique
1052 3669 1165 3733 sedulo
1188 3669 1314 3734 cunctis

163 3752 406 3818 medicinalibus
422 3750 594 3827 industriis
612 3773 707 3816 omne
723 3753 906 3837 appositum
921 3754 1022 3839 magis
1045 3769 1115 3819 erat
1137 3778 1216 3819 onus
1240 3779 1316 3842 gras

163 3839 308 3917 vaminis,
334 3862 430 3926 quarn
456 3838 587 3938 aliquod
606 3839 784 3904 remedium
810 3841 995 3905 curationis.
1043 3842 1212 3927 Palpebrae
1235 3866 1315 3908 vero

162 3929 328 3992 oculorum
344 3924 539 3990 continuem
555 3918 660 4010 capite
672 3927 741 4012 ejus
753 3926 950 3992 circumferri
966 3929 1158 3993 videbantur
1172 3944 1208 3994 ut
1224 3931 1316 3996 nelos

163 4014 277 4079 cissimi
304 4012 453 4077 circuitus
477 4026 622 4076 rotarum
644 4013 819 4078 currilium.
876 4015 956 4081 Post
982 4016 1054 4080 hoec
1080 4016 1168 4080 cibos
1198 4017 1231 4081 in
1256 4041 1315 4084 ore

162 4102 249 4166 nulli
264 4100 323 4165 sibi
339 4100 466 4164 valebat
482 4111 550 4162 arte
566 4099 717 4179 inserere,
733 4102 791 4166 sed
805 4125 911 4190 neque
926 4104 1023 4188 potlis
1042 4103 1208 4188 refrigeria
1223 4105 1315 4170 labfrt

164 4187 306 4253 tremulis
334 4186 515 4251 instillaudo
542 4178 721 4253 infundere.
769 4189 855 4255 Nam
884 4191 990 4276 capud
1018 4190 1092 4275 vagi
1115 4202 1149 4256 et
1178 4192 1314 4257 rotantis

164 4273 300 4340 iuflexus
326 4275 450 4359 asperie
477 4295 641 4361 nunquam
664 4275 724 4339 sibi
748 4275 866 4341 cedere
889 4277 996 4362 potuit
1020 4277 1126 4364 aliqud
1154 4279 1315 4364 refrigerii

164 4361 391 4427 consolatione.
440 4360 538 4426 Unde
569 4361 652 4426 novi
683 4376 752 4428 arte
786 4363 970 4446 adinventa,
999 4382 1128 4450 coepere
1161 4367 1315 4432 custodes
