2924 4966
484 382 661 432 ιιιιιιιιιιι.
684 380 884 444 arsamus,
905 382 990 435 arc.
1239 369 1310 442 149

170 538 241 611 Nec
263 545 379 609 mirum
401 567 474 610 cum
496 546 583 611 beati
609 546 696 610 Petri
715 546 859 632 Apostoli
883 542 924 610 sit
946 546 1048 610 haeres
1064 559 1096 611 et
1112 544 1257 627 vicarius,
1275 564 1308 614 et

168 633 388 699 nichilominus
408 634 544 698 coelestis
559 635 664 720 sponsi
681 633 862 711 cubilarius,
879 647 975 721 atque
991 635 1080 719 regni
1096 635 1229 700 caelestis
1245 638 1309 701 cla-

167 722 346 786 vicularius.
395 722 557 809 Siquidem
572 722 711 809 quodam
724 735 867 807 tempore
879 723 1068 808 temporales
1084 723 1226 787 ecclesiae
1241 749 1307 788 suae

167 810 271 875 claves
287 811 329 874 ad
344 823 470 895 tempus
489 810 630 895 permisit
646 810 759 888 amitti,
778 834 817 874 eo
833 810 919 896 quod
935 809 1059 874 virtutis
1074 834 1140 874 suae
1156 811 1307 877 miracula

167 913 200 962 et
215 900 370 983 potentiae
385 921 451 962 suae
467 901 627 984 praeconia
643 898 673 961 in
688 899 749 961 hoc
765 899 864 961 voluit
880 897 1133 983 magnificentias
1150 900 1257 985 detegi
1273 914 1307 965 et

166 986 344 1071 praedicari.
390 986 474 1050 Nam
498 986 639 1067 coelestia
653 985 806 1050 virtutum
819 985 986 1088 magnalia
1003 987 1194 1074 quandoque
1217 988 1308 1052 exhi-

166 1074 243 1139 bere
259 1074 443 1151 dinoscitur,
461 1075 537 1138 dum
553 1075 654 1138 omnis
678 1074 795 1138 terreni
817 1073 935 1158 ingenir
927 1073 1083 1138 facultas
1102 1076 1306 1160 suppeditare

166 1161 303 1226 videtur.
353 1162 451 1236 Quod
473 1161 693 1272 subsequentis
708 1162 812 1246 operis
830 1163 962 1226 historia
984 1162 1101 1247 prodit,
1119 1185 1192 1250 quae
1215 1163 1307 1228 intel-

166 1249 308 1314 lectualis
321 1250 417 1314 animi
408 1250 537 1314 oculos
549 1250 663 1313 notitiis
674 1249 844 1335 spiritualis
856 1249 1075 1334 intelligentia>
1086 1251 1199 1335 aperit.
1248 1252 1307 1316 Est

166 1337 315 1424 equidem
338 1337 422 1415 villa,
446 1362 518 1424 quae
547 1337 706 1402 Northam
729 1337 854 1416 dicitur,
882 1361 954 1424 quae
981 1337 1078 1401 etiam
1103 1339 1306 1404 conterminis

168 1422 344 1490 Lodoneiae
356 1427 472 1490 finibus
488 1427 655 1511 reperitur.
704 1426 807 1490 Haec
799 1449 831 1488 ιιι
847 1427 998 1490 extremis
1013 1424 1253 1491 Northumbrioe
1269 1429 1306 1491 fi-

165 1514 256 1577 nibus
268 1537 364 1598 super
378 1514 568 1579 Thueodam
578 1515 696 1577 flumen
711 1515 771 1578 sita
786 1537 854 1578 esse
870 1514 1024 1589 cernitur3
1040 1537 1112 1600 quae
1124 1515 1220 1579 etiam
1230 1529 1305 1580 ante

168 1600 260 1666 Beati
291 1604 355 1667 Cut
356 1601 462 1666 hberti
488 1615 632 1702 tempora
654 1600 686 1665 in
712 1601 784 1665 loco
807 1602 962 1687 praedicto
988 1600 1122 1665 fundata
1143 1602 1239 1668 fuisse
1262 1627 1305 1667 ex

164 1688 312 1788 hystoriis
329 1690 476 1754 traditur.
524 1689 585 1755 cui
601 1690 717 1753 taliata
735 1691 783 1778 [in
797 1712 895 1770 ιιιιιν9.
911 1688 1034 1776 evulsa]
1053 1689 1141 1753 collis
1156 1691 1305 1777 quaedam

165 1775 326 1842 immensae
345 1777 521 1842 altitudinis
540 1790 574 1841 et
593 1777 707 1841 multae
717 1777 923 1861 longitudinis
939 1776 1039 1854 adest,
1057 1801 1129 1865 quae
1147 1778 1305 1864 Munege-
1322 1823 1327 1834 ·

164 1865 246 1930 dene
261 1865 383 1977 dieta,
376 1889 408 1929 m
424 1865 562 1930 confinio
578 1864 745 1929 vicinitatis
761 1866 930 1950 conjuncta
944 1865 1080 1950 adjacet.
1122 1865 1188 1930 Ubi
1204 1890 1305 1953 quon·
1326 1896 1330 1907 »

163 1953 236 2018 dam
257 1953 337 2017 mira
359 1954 424 2018 Dei
451 1953 686 2039 Omnipotentis
708 1952 938 2037 indignatione,
955 1966 987 2016 et
1014 1952 1107 2016 Beati
1133 1954 1305 2020 Cuthberti

162 2044 384 2125 persecutione
401 2054 434 2106 et
449 2042 568 2119 furore,
580 2056 665 2106 terra
680 2040 786 2105 subito
800 2055 832 2104 et
845 2040 1006 2126 inopinate
1019 2055 1166 2118 ossuum,
1185 2043 1303 2107 Sancto

168 2129 348 2194 Cuthberto
371 2130 588 2215 praecipiente,
606 2129 741 2213 aperuit,
759 2141 792 2193 et
808 2129 908 2192 multa
927 2129 1110 2192 Scottorum
1125 2128 1212 2193 milia
1227 2142 1303 2195 tunc

162 2216 302 2282 viventia
316 2218 483 2303 repentino
493 2218 591 2304 hyatu
604 2217 778 2295 absorbuit,
792 2231 909 2281 etcum
922 2216 1053 2280 Dathan
1068 2229 1102 2281 et
1115 2219 1246 2304 Abyron
1261 2219 1304 2284 ad

163 2304 286 2370 inferna
300 2306 462 2374 demersit.
509 2307 642 2370 Terram
659 2305 776 2370 etenim
796 2305 889 2369 Beati
908 2304 1090 2383 Cuthberti,
1103 2305 1302 2371 daemoniaco

162 2394 225 2459 acti
239 2394 358 2471 furore,
375 2393 461 2479 prius
476 2394 667 2471 invaserant,
679 2409 712 2458 et
727 2391 858 2457 ulterilrs
874 2416 945 2457 eam
960 2392 1138 2478 diripiendo
1152 2395 1302 2480 progredi

162 2481 267 2545 animo
282 2481 440 2547 diabolico
455 2496 697 2567 proposuerant.
745 2482 811 2545 Sed
829 2480 921 2546 Beati
940 2481 1110 2546 Cuthberti
1125 2481 1169 2546 ibi
1185 2487 1251 2560 eo's,
1265 2496 1301 2547 ut
1398 2547 1401 2552 .

163 2568 312 2647 diximus,
333 2569 380 2634 ira
402 2571 606 2655 compescuit,
624 2585 656 2634 et
672 2570 814 2634 viventes
836 2570 878 2633 ad
900 2568 1023 2633 inferna
1043 2569 1184 2634 retrusit.
1228 2571 1301 2636 Jam

161 2679 244 2722 nunc
267 2681 340 2722 cum
362 2658 490 2743 propria
511 2658 573 2722 loci
595 2658 775 2722 describere
790 2657 994 2735 intendimus,
1015 2657 1129 2721 seriem
1144 2656 1299 2737 miraculi,

160 2746 248 2831 quod
269 2746 417 2832 prosequi
440 2746 618 2824 debuimus,
636 2747 902 2831 interrumpentes
918 2757 951 2809 et
974 2745 1163 2830 protelando
1178 2745 1301 2811 distuli-

160 2855 241 2898 mus.
286 2833 447 2898 Jamvero
460 2858 543 2898 nunc
558 2834 700 2920 proposit
688 2836 787 2898 taerei
800 2833 943 2897 ordinem
955 2855 1193 2920 prosequamur.
1242 2835 1301 2900 Est

161 2920 257 3005 igitur
287 2921 320 2985 in
344 2922 417 2986 villa
446 2922 592 3008 praedict
579 2948 598 2987 a
567 2921 797 2987 tecclesia
790 2944 822 2985 ιιι
850 2920 942 2985 Beati
970 2921 1140 2986 Cuthberti
1164 2923 1300 2986 nominis

159 3008 282 3074 bonore
299 3010 486 3111 abantiquo
508 3010 620 3075 fundat
608 3023 650 3087 ta,
668 3010 699 3073 in
715 3033 788 3096 qua,
805 3010 846 3073 de
865 3032 953 3073 more
966 3032 1050 3072 nunc
1066 3008 1141 3072 satis
1156 3009 1251 3073 solito
1266 3023 1299 3074 et

159 3099 301 3182 cognit0,
325 3098 415 3183 pueri
437 3098 599 3185 quondam
621 3099 776 3162 vacabant
798 3096 920 3175 studiiS,
938 3110 1006 3160 turn
1028 3119 1136 3161 amore
1159 3097 1299 3161 scientiae
1400 3116 1403 3121 ‘

159 3184 321 3253 discenda
332 3186 506 3272 provocati,
521 3199 553 3251 et
554 3185 787 3287 quandoquet
780 3208 879 3248 rmore
892 3185 1061 3249 verberum
1073 3184 1223 3248 saeviente
1233 3207 1299 3251 ma-

158 3272 259 3357 gistro
270 3275 384 3339 coacti.
429 3274 560 3340 Unde
538 3274 658 3338 trmoris
670 3274 781 3337 aculeo
793 3273 922 3372 quidam
936 3295 1135 3372 puerorum
1120 3274 1298 3337 terebratus

161 3361 210 3449 [in
220 3384 319 3444 marp.
332 3362 383 3427 vel
393 3361 626 3448 tremefactus]‚
643 3361 791 3426 Haldene
803 3360 941 3438 nomine,
955 3360 1051 3444 coepit
1063 3359 1175 3424 anxius
1190 3383 1299 3425 secum

158 3460 193 3512 et
210 3448 373 3529 seeretiirs,
392 3451 506 3515 timore
522 3465 651 3515 coactus
667 3449 791 3535 puerili,
808 3448 894 3533 cogit
896 3472 949 3512 are
965 3447 1101 3534 qualiter
1116 3448 1297 3533 hujusmodi

156 3537 266 3638 plagas
278 3551 312 3603 et
325 3540 492 3603 verberum
507 3562 615 3640 paenas
630 3550 738 3623 posset
752 3536 941 3601 declinando
956 3536 1103 3600 evadere.
1150 3536 1297 3601 Tandem

157 3623 254 3710 igitur
277 3626 382 3707 animo
405 3629 553 3711 concepit
576 3627 663 3712 quod
689 3627 811 3689 clarem
832 3623 976 3688 ecclesiae
1006 3623 1100 3688 Beati
1125 3625 1296 3689 Cuthberti

157 3714 254 3778 stulta
276 3715 456 3780 temeritate
473 3715 658 3800 corriper,et
676 3726 708 3778 et
724 3716 782 3777 sub
802 3711 1013 3776 celeritatem
1030 3711 1221 3775 Thueodam
1236 3713 1295 3775 flu-

156 3823 240 3880 men,
258 3803 346 3867 nullo
360 3803 524 3866 hominum
539 3827 578 3866 at
580 3826 615 3866 er
617 3816 715 3880 tante,
732 3801 912 3887 projiceret.
962 3799 1059 3864 Unde
1072 3800 1113 3864 ad
1127 3799 1256 3863 locum
1248 3823 1295 3864 ιιι-

155 3889 256 3954 linitae
271 3890 456 3969 altitudinis,
474 3891 528 3992 qui
544 3890 705 3954 immensae
721 3889 927 3974 profunditat
919 3911 943 3950 rs
962 3886 1093 3972 pelagus
1108 3886 1177 3952 fore
1193 3887 1295 3952 credi-

155 3989 218 4056 tur,
235 3991 269 4043 et
284 3978 326 4042 ad
337 3978 443 4042 locum
458 3981 531 4080 qui·
531 3977 704 4042 Padrluwel
719 3977 845 4052 dicitur,
862 3998 939 4039 mox
953 3974 1094 4053 accessit,
1108 3975 1294 4062 clavemque

155 4066 298 4132 ecclesiae
320 4089 397 4131 mox
420 4067 452 4130 in
474 4066 571 4152 ipsius
594 4065 700 4130 medio
725 4064 885 4164 profundo
908 4086 976 4148 proJ
968 4062 1104 4127 iciendo
1130 4063 1293 4128 demersit.

155 4153 272 4255 lbique
287 4177 361 4219 eum
379 4154 545 4219 abscondit
563 4155 618 4219 ubi
640 4177 698 4218 nec
721 4153 862 4217 curiosus
877 4152 929 4216 vel
944 4150 1100 4215 officiosus
1123 4149 1234 4238 aliquis
1250 4152 1293 4215 ad

203 4266 257 4309 um
272 4243 431 4328 attingere
452 4242 568 4327 potuit.
618 4241 732 4328 Sicque
755 4239 914 4326 reputavit
935 4238 1121 4323 magistrum
1143 4262 1177 4302 se
1200 4262 1292 4304 suum

153 4242 317 4409 illlusisse,
329 4343 362 4394 et
377 4352 450 4394 cum
461 4332 571 4415 optata
581 4330 730 4395 libertate
745 4352 838 4432 posse
853 4352 873 4391 a
887 4327 984 4391 modo
1000 4340 1033 4391 et
1047 4327 1095 4390 ult
1083 4325 1179 4390 terius
1196 4327 1293 4392 ddis-

154 4419 246 4484 cendi
268 4420 423 4484 servitute
445 4418 592 4484 evadere.
639 4416 715 4483 Non
737 4418 824 4482 enirn
845 4413 978 4501 amplius
994 4414 1138 4479 clavem
1130 4415 1292 4480 invenien-

691 4527 714 4569 ιι
729 4509 748 4568 3
