2924 4966
151 340 200 404 m
502 351 719 402 nnorxxcm
750 351 935 403 nossem

151 514 288 601 ‹pitiliter
310 513 378 579 siue
404 514 492 577 naris
519 512 671 579 solamine
694 514 843 591 eraserit,
869 514 935 601 qud
963 514 1084 581 semita
1118 516 1248 585 viarum
1274 518 1311 585 td

153 602 313 665 Nerthum
329 600 521 685 pervenerit,
534 600 661 685 penitus
676 602 717 664 ab
732 624 773 665 eo
788 600 1022 685 ignorabatur„
1050 602 1166 689 Igitur
1179 606 1312 673 frabrili-

151 690 211 751 lms
238 688 453 751 instrumentis
480 701 529 752 tot
556 686 753 750 vinculorum
777 686 928 771 ligamina
953 690 1187 769 exsolverunt,
1216 692 1312 757 etad

157 774 248 837 Beati
276 774 447 839 Cuthberti
471 773 624 837 honorem
648 786 682 837 et
705 772 840 857 gloriam
865 796 1061 839 carcaunum
1087 800 1170 843 cum
1190 778 1311 845 coeteris

152 860 299 924 onmibus
331 861 362 923 in
392 860 536 925 ecclesiae
561 859 702 925 trabibus
728 858 975 945 suspenderunt.
1039 864 1238 931 Carcannus
1263 866 1311 931 ille

152 948 236 1010 solus
261 969 342 1031 pene
368 948 459 1011 unius
483 946 618 1010 hominis
642 946 767 1031 pondus
793 946 934 1025 excedit,
951 948 1030 1035 quia
1044 950 1135 1015 vires
1155 952 1312 1019 culleum-

153 1035 232 1097 tium
247 1034 470 1118 exsuperando
481 1033 649 1097 consumit.
698 1033 857 1099 Custodes
867 1034 1004 1099 carceris
1014 1036 1139 1121 januas
1149 1038 1311 1105 obseratas

152 1121 343 1205 aperientes,
361 1134 395 1184 et
418 1120 577 1184 neminem
602 1119 809 1197 invenientes,
830 1142 936 1207 neque
962 1144 1168 1189 carcannum
1191 1126 1310 1211 uspiam

152 1207 359 1291 reperientes,
387 1229 483 1291 supra
506 1206 636 1270 modum
659 1208 893 1291 obstupuerunt
915 1220 950 1271 et
972 1208 1095 1297 ubique
1112 1224 1309 1297 quaerentes,

153 1294 260 1357 omnia
274 1293 406 1357 Castelli
422 1294 616 1357 monimenta
628 1293 765 1357 claustra
776 1306 809 1357 et
824 1294 974 1359 obserata
988 1294 1201 1365 invenerunt.
1250 1298 1310 1363 Hic

157 1380 276 1443 Beatus
296 1379 494 1445 Cuthbertns
510 1378 588 1442 illud
604 1379 636 1441 in
655 1380 759 1443 Beato
781 1380 880 1444 Petro
895 1381 1044 1465 apostolo
1059 1382 1259 1451 miraculum
1272 1386 1311 1451 ab

156 1466 283 1550 Angelo
302 1467 422 1529 factum
438 1488 536 1550 opere
556 1478 589 1529 et
609 1465 727 1529 virtute
746 1479 795 1530 est
821 1465 974 1545 imitatus,
991 1468 1049 1532 ubi
1077 1468 1226 1537 Beatum
1252 1472 1311 1539 Pa·

154 1567 239 1616 trum
266 1553 298 1615 in
325 1574 454 1617 carcere
473 1552 607 1636 ligatum
625 1551 738 1615 clausis
748 1552 855 1637 januis
871 1554 1006 1619 carceris
1021 1554 1159 1643 eripuit,
1177 1572 1213 1623 et
1228 1560 1312 1625 solu·

154 1654 221 1704 tum
237 1639 380 1705 ecclesiae
395 1653 513 1705 sancta
528 1637 735 1703 consolationi
751 1638 903 1703 restituit.

156 1900 254 1965 CAP.
279 1900 581 1978 XXL—-anmodo
594 1900 796 1981 deferentibus
819 1902 865 1963 ad
887 1901 1062 1965 Ecclesiam
1087 1902 1193 1969 Beati
1217 1906 1313 1971 Orith-

240 1990 317 2050 herti
331 1988 472 2065 lapidum
486 1988 659 2049 arcciliaria
685 1988 841 2066 impendia
863 2006 926 2049 aaa
952 1988 1071 2052 Ruina
1096 1996 1231 2057 wuiaoe
1250 1994 1314 2057 att

241 2077 290 2136 dic
304 2073 469 2153 sufficerit,
482 2080 512 2133 et
521 2092 638 2152 semper
652 2080 682 2135 et
694 2072 835 2137 conanae*
841 2074 1020 2153 potantibus
1033 2083 1065 2139 et
1080 2076 1314 2156 haurientibus,

240 2160 387 2240 deflectam
396 2162 470 2239 pati
482 2178 541 2221 non
552 2162 695 2239 patrarit.

201 2329 379 2393 Nauclerus
394 2329 449 2416 qui
467 2328 500 2392 in
515 2329 602 2394 navis
617 2329 712 2415 proni
727 2327 887 2413 praesidet,
904 2342 938 2393 et
963 2342 1042 2394 nutu
1069 2331 1242 2417 regiminis
1265 2338 1317 2403 sui

157 2417 263 2480 omnia
275 2429 455 2501 promovet,
477 2416 596 2480 Beatus
616 2416 813 2480 Cuthbertns
829 2429 878 2480 est
891 2440 900 2491 3
923 2416 1024 2503 quiin
1039 2416 1317 2511 caelestibusreg-

155 2503 262 2567 nando
278 2503 463 2587 triumphat,
480 2503 537 2566 sed
560 2514 668 2567 tamen
690 2503 797 2566 omnia
811 2503 954 2566 ecclesiae
976 2526 1042 2568 suae
1063 2504 1250 2575 ministeria
1264 2534 1317 2577 ae-

156 2602 245 2653 creto
269 2589 485 2654 moderamine
511 2589 724 2673 dispensando
739 2589 944 2674 praeordinat.
991 2589 1077 2655 Nam
1100 2591 1203 2677 ipsius
1229 2609 1315 2663 nutu

156 2675 316 2761 regiminis
331 2676 438 2740 omnia
459 2675 669 2760 disponuntur
692 2675 796 2739 officia
817 2677 996 2761 potestatis.
1043 2676 1115 2742 Nec
1138 2680 1182 2745 ali
1207 2682 1259 2765 nis¹
1281 2683 1317 2749 iu

158 2763 290 2827 ecclesia
305 2763 361 2826 sua
375 2777 504 2827 tronum
520 2762 694 2848 tyrannidis
710 2762 834 2846 optinet
849 2763 938 2851 quod
960 2764 1080 2827 Beatus
1102 2766 1195 2833 Cuth
1221 2784 1316 2837 crtus

158 2849 335 2914 secretioris
351 2850 458 2913 'udicii
473 2849 626 2935 mysterio
641 2872 683 2913 ex
703 2849 866 2933 patientiae
888 2848 969 2915 mira
982 2850 1231 2935 longanimitate
1245 2880 1316 2923 uon

158 2936 303 3000 sustinet.
384 2959 420 3000 ec
436 2936 547 3022 aliquis
567 2959 715 3035 unquam,
733 2958 773 2999 eo
789 2935 989 3020 disponente,
1009 2940 1165 3022 potentiae
1183 2964 1317 3009 resera-

158 3023 243 3087 mina
253 3023 286 3085 in
298 3022 431 3086 ecclesia
439 3024 495 3085 sua
505 3023 657 3107 possedit,
671 3022 725 3109 qui
737 3022 819 3085 illius
831 3023 1057 3101 moderamine,
1074 3047 1134 3111 pro
1145 3027 1228 3093 fidei
1243 3052 1316 3095 suoe

157 3110 278 3176 meritis
293 3122 413 3175 sortem
428 3124 558 3173 aeternae
572 3109 778 3173 beatitudinis
796 3132 861 3173 non
876 3110 1071 3259 adpuisierit.
1120 3112 1165 3177 Et
1178 3136 1317 3205 semper

157 3197 381 3261 miraculorum
396 3196 478 3261 solet
494 3197 638 3259 conferre
654 3195 804 3273 subsidia,
821 3195 914 3259 ubifi
939 3196 969 3261 ei
984 3198 1176 3265 devotorum
1190 3204 1318 3271 merita

158 3285 208 3349 vel
217 3284 413 3348 necessitatis
423 3282 623 3347 subditorum
632 3283 826 3382 desolamina
838 3284 890 3347 vel
900 3284 1030 3347 honoris
1045 3284 1093 3347 sui
1103 3286 1181 3385 ¹jura
1194 3288 1316 3357 debita

157 3371 218 3435 hoe
234 3371 403 3457 exquirere
418 3370 514 3433 moris
529 3369 709 3432 habuerint.
758 3369 886 3454 Quippe
901 3393 960 3454 pro
980 3371 1226 3457 simplicioribus
1250 3400 1316 3443 soe-

158 3458 226 3542 pius
249 3457 291 3522 ad
314 3457 363 3520 sui
382 3458 537 3521 honorem
559 3456 712 3520 miracula
736 3456 859 3531 edidit;
881 3457 923 3520 de
949 3481 1085 3609 auorum
1099 3460 1315 3531 multitudiue

158 3545 219 3610 hoc
243 3544 330 3632 quod
356 3543 557 3627 subjiciemus
582 3544 745 3627 praeclarae
765 3543 890 3607 virtutis
916 3543 948 3607 in
972 3544 1067 3609 icium
1082 3545 1219 3613 exstitit.
1271 3552 1315 3619 In

161 3630 267 3696 Insula
284 3629 532 3695 Lindisfarnensi
557 3630 687 3716 quidam
706 3629 856 3695 Officialis
886 3630 1008 3711 Frater,
1026 3632 1222 3699 AEdwardus
1251 3660 1316 3705 no-

158 3719 253 3797 mine,
271 3741 313 3782 ex
333 3731 496 3803 praecepto
515 3718 727 3781 Praelatorum
754 3716 979 3781 Dunelmensis
1008 3718 1162 3782 Ecclesiae
1186 3720 1311 3807 fuerat,

158 3807 212 3891 qui
227 3805 330 3890 gratia
343 3803 515 3885 religionis,
532 3804 739 3868 exsecutione
755 3804 802 3867 sui
817 3803 946 3882 ordinis,
965 3818 998 3870 et
1023 3806 1153 3869 strenua
1176 3809 1315 3877 urbani.

159 3903 225 3956 tate
240 3890 487 3956 conversationis
503 3892 644 3954 omnium
667 3890 803 3973 gratiam
822 3890 1004 3956 obtinuerat
1017 3916 1026 3968 ;
1050 3916 1090 3957 eo
1105 3894 1192 3981 quod
1208 3917 1313 3983 supra

159 3977 289 4041 modum
312 3978 345 4040 in
360 3978 505 4041 omnibus
532 4000 566 4041 se
591 3977 767 4061 prudenter
790 3978 917 4061 agebat.
965 3979 1050 4043 Hinc
1076 3979 1312 4051 benivolentiae

159 4064 300 4126 omnium
324 4063 427 4147 gratia
452 4064 499 4128 ita
521 4077 704 4129 accreverat
727 4064 814 4151 quod
841 4064 986 4128 omnibus
1014 4078 1080 4131 tam
1103 4069 1313 4137 venerandus
1347 4112 1351 4119 ·

158 4171 255 4236 quam
279 4163 388 4232 gratus
415 4151 594 4214 exstiterat.
641 4150 767 4235 Nempe
794 4151 955 4215 monachis
972 4166 1040 4217 erat
1066 4151 1233 4218 consocius
1262 4180 1312 4225 ex

159 4235 333 4299 honestatis
347 4234 450 4321 gratia
473 4250 506 4301 et
532 4237 671 4301 sensibili
697 4260 822 4302 morum
848 4236 1012 4323 disciplina
1024 4264 1033 4316 ;
1056 4239 1207 4305 militibus
1227 4264 1313 4309 con.

160 4322 312 4386 formatus
324 4345 367 4388 ex
378 4323 506 4406 copiosa
518 4323 694 4388 dulcedinis
710 4323 891 4412 eloquentia
903 4339 935 4389 et
950 4326 1078 4409 largiori
1094 4326 1311 4399 donationum
