2924 4966
160 384 228 449 148
512 392 729 443 uncturam
758 392 952 445 Mouucru

158 564 277 627 ltu-tum
294 562 402 624 luisset
419 560 530 623 auxius
546 558 767 644 conquirendo
785 558 958 637 sciscitari,
1029 560 1099 635 Qui
1119 560 1240 625 demum
1251 559 1298 624 cir-

156 650 376 733 cumspiciens,
390 648 469 711 vidit
492 670 565 711 eum
589 647 850 797 circumquaque,
867 647 968 747 quasi
993 662 1174 727 amentem,
1189 650 1299 712 lustrati

158 738 315 825 ‹punitor-ii
332 737 433 821 spatia
447 735 624 811 circumire,
640 748 674 797 et
696 734 783 797 mchi
809 750 945 819 penitus
962 736 1151 821 sapientem
1161 736 1300 823 pergian-

158 826 202 887 ‹lo
211 850 318 889 aream
328 824 520 887 ambulando
530 826 575 887 ire
584 820 700 907 saepiirs
713 836 746 886 et
759 822 878 886 redire.
908 824 1147 912 Cominusque
1158 824 1299 901 accedeus,

161 928 183 953 ‘⁶
196 914 291 999 quid’
314 912 412 999 iruprit
438 924 460 951 “
472 926 532 988 est,
548 910 636 997 quod
656 910 688 972 in
711 932 809 973 manu
837 911 896 975 tua
914 924 1014 975 tenes
1026 915 1066 977 ?''
1118 912 1180 978 Cui
1194 912 1237 975 vir
1248 911 1299 987 ille,

161 1012 183 1041 “
199 1002 318 1063 aven?
331 1000 431 1085 iuquit
446 1002 565 1063 “istam
578 998 654 1061 mihi
665 997 824 1074 contraxi,
837 999 998 1085 sedquid
1007 1001 1065 1065 vel
1076 1024 1179 1087 quare
1190 998 1300 1064 itanilri

161 1088 295 1169 contigit
311 1088 479 1151 advortere
492 1088 543 1151 vel
554 1087 633 1149 scire
649 1108 712 1149 uon
724 1084 828 1169 potui.
876 1086 1031 1151 Tantum
1043 1102 1159 1153 tamen
1173 1110 1302 1153 noveram

160 1176 248 1260 quod
278 1198 387 1237 ‹uuues
413 1198 522 1239 seusus
545 1176 699 1238 humanos
723 1174 818 1257 plene
841 1196 1019 1239 exueram.
1082 1176 1174 1241 Nam
1195 1199 1234 1241 ex
1252 1198 1302 1261 quo

160 1286 231 1325 eam
248 1263 280 1325 iu
295 1263 439 1327 manibus
454 1265 583 1349 sumpsi,
600 1278 633 1325 et
648 1261 734 1347 quod
749 1261 791 1323 ad
809 1260 905 1325 Beati
917 1264 1106 1329 Cuthberti
1121 1288 1232 1350 pacem
1243 1284 1303 1327 con·

159 1350 271 1431 sugere
287 1351 328 1413 dc
344 1373 395 1415 me
411 1350 625 1435 disposuisset,
642 1348 784 1432 coargui,
801 1350 921 1413 multos
936 1351 1081 1415 insanire
1097 1354 1225 1417 dolores
1245 1373 1302 1437 per·

159 1438 229 1513 tuli,
240 1438 297 1501 sed
313 1439 365 1501 ubi
382 1462 495 1516 essem,
506 1440 557 1503 vel
568 1438 645 1525 quid
659 1459 799 1521 agerem,
813 1436 946 1501 omnino
963 1440 1125 1503 nescivi.”
1167 1439 1302 1505 Sacerdos

160 1548 236 1587 mox
256 1526 412 1590 aviculam
427 1528 468 1590 dc
483 1550 579 1591 manu
594 1525 737 1609 sacrilegi
751 1525 914 1609 praedonis
933 1527 1083 1606 sustulit,
1101 1542 1139 1593 et
1164 1526 1256 1595 libere
1276 1526 1302 1589 in

159 1636 244 1684 acra,
269 1637 334 1699 quo
360 1616 470 1693 voluit,
491 1616 618 1679 avolare
637 1612 789 1699 permisit.
842 1614 1022 1700 Ipsumque
1047 1639 1153 1681 manu
1176 1638 1302 1716 compre·

160 1700 302 1764 lieruleus
317 1702 349 1763 in
365 1703 532 1767 ecclesiam
549 1702 642 1767 Beati
656 1700 826 1767 Cuthberti
836 1701 1035 1781 introduxit,
1053 1718 1091 1767 et
1111 1719 1301 1770 temerauun

160 1790 262 1851 scelus
278 1804 308 1851 et
331 1791 452 1873 peccati
472 1792 592 1855 facinus
611 1790 828 1867 confitentem,
849 1803 1011 1876 quantum
1026 1793 1152 1876 potuit,
1169 1790 1300 1867 absolvit,

159 1890 190 1938 et
209 1876 424 1941 misericordia
438 1878 482 1964 pii
497 1878 693 1944 Conlessoris
710 1877 908 1964 jamjamque
931 1901 1047 1943 sensus
1062 1882 1213 1965 perditos
1225 1902 1302 1945 recu·

158 1965 301 2047 peranda
327 1965 530 2030 innovantem
557 1967 660 2030 Beato
696 1965 877 2030 cuthberto
902 1980 1014 2050 grates
1043 1968 1177 2033 debitas
1195 1968 1302 2034 referre

158 2052 299 2116 edocuit.
348 2054 454 2127 Quem
476 2056 582 2139 flagris
605 2077 711 2118 coram
729 2052 821 2116 altari
843 2076 904 2139 pro
927 2054 1126 2139 poenitentia
1155 2055 1299 2131 multavit,

159 2164 332 2226 seuumque
348 2164 456 2205 secum
466 2143 597 2206 dourum
611 2141 751 2206 reduxit.
798 2140 881 2204 Hoec
892 2142 1039 2228 quinque
1054 2144 1225 2223 miracula,
1239 2166 1301 2295 cpia

159 2228 270 2293 ordine
294 2229 446 2293 continuo
473 2230 699 2315 inpraecedenti
714 2228 974 2314 praescripsimus,
1002 2232 1047 2294 ab
1075 2233 1226 2317 ejusdem
1259 2230 1301 2297 oei

158 2317 335 2393 sacerdote,
361 2333 394 2380 et
417 2318 574 2382 sociorum
590 2319 685 2403 ipsius
700 2316 942 2395 multitutidine,
959 2318 1111 2405 quicum
1128 2344 1173 2386 eo
1188 2318 1300 2386 Dunel-

158 2426 244 2467 mum
254 2404 356 2487 gratia
367 2406 519 2470 orationis
528 2420 561 2470 et
573 2407 640 2470 voti
653 2405 702 2469 sui
710 2405 912 2491 persolvendi
922 2406 1089 2472 desiderio
1099 2410 1299 2485 advenerant,

157 2494 238 2556 sicut
254 2494 293 2557 ab
310 2495 354 2556 eis
366 2495 557 2559 testantibus
569 2494 746 2571 didicimus
762 2493 808 2556 ita
817 2494 997 2559 retulimus.
1036 2496 1137 2560 Anno
1153 2498 1196 2563 ab
1210 2498 1300 2561 incar·

159 2580 286 2643 natione
296 2581 414 2644 domini
430 2583 490 2651 M..
506 2584 713 2663 comunes
729 2582 798 2644 haec
813 2604 921 2645 coram
936 2582 1047 2648 multis
1064 2585 1258 2662 audivimus,
1269 2596 1298 2647 et

156 2670 199 2729 ol)
221 2669 310 2733 Beati
329 2670 498 2734 Cuthberti
514 2670 668 2734 honorem
683 2670 725 2733 ad
739 2669 923 2733 memoriam
945 2672 1085 2755 posteris
1101 2672 1300 2738 commenda·

160 2778 271 2821 vuuus.

157 3022 256 3086 (frll'.
287 3022 802 3088 J.XX111.-Dectaveecueuae
818 3024 912 3086 Beati
935 3023 1096 3089 Catani
1117 3030 1154 3089 iu
1168 3027 1299 3111 stamius

237 3112 393 3191 projacto;
418 3115 563 3193 qumnodo
587 3116 664 3193 pius
691 3113 851 3195 Confissar
875 3114 1028 3175 sacerdoti
1052 3118 1252 3195 uppanoerit,
1272 3120 1300 3177 et

242 3202 384 3281 crealiter,
399 3200 494 3279 juata
509 3203 608 3280 ipsius
629 3202 795 3277 oraculum,
812 3203 845 3262 ia
866 3219 901 3262 os
920 3203 1028 3280 magui
1048 3203 1211 3279 salmonis,
1226 3206 1300 3267 stac

236 3290 437 3366 praedixerat,
454 3290 590 3350 iaceat-us
601 3288 714 3369 fucrit.

198 3460 230 3523 T
231 3461 305 3525 ercii
332 3462 403 3525 coeli
435 3475 559 3526 secreta
584 3462 702 3526 Beatus
739 3472 831 3546 pater
863 3461 1060 3526 Cuthbertus
1091 3462 1151 3527 sua
1182 3464 1297 3530 virtuts

156 3563 322 3631 peuet.rat;
339 3550 392 3636 qui
413 3574 477 3613 uon
492 3550 595 3614 solum
615 3550 763 3635 exemplo
778 3562 811 3613 et
827 3549 979 3613 sermonis
991 3548 1109 3628 officio,
1127 3552 1296 3617 sedetiam

154 3636 222 3721 ipso
239 3638 392 3702 virtutum
410 3638 585 3703 admirabili
595 3637 778 3715 ministerio,
796 3660 830 3702 se
849 3659 945 3722 super
958 3651 1045 3701 astra
1058 3660 1197 3723 regnare
1212 3662 1297 3705 com-

153 3725 294 3790 mendat.
341 3726 426 3791 Nam
445 3726 603 3790 miraculis
619 3740 651 3790 et
667 3725 835 3790 virtutibus
858 3725 975 3791 oetidie
996 3724 1182 3811 detegendo
1196 3727 1296 3792 mani-

155 3812 248 3878 festat
268 3815 386 3915 quauta
400 3829 472 3900 post
487 3827 624 3878 mortem
639 3814 670 3877 in
686 3814 786 3899 gloria
800 3837 895 3899 super
918 3813 1041 3893 aethera
1062 3814 1163 3879 vivat.
1223 3816 1296 3881 Cla·

152 3924 223 3966 vem
236 3927 320 3967 cmm
335 3904 488 3987 potentiae
500 3904 596 3966 coelos
611 3902 783 3980 reserandi,
797 3915 830 3965 ct
842 3902 956 4002 quibus
968 3914 1001 3966 et
1015 3902 1146 3988 quando
1157 3902 1296 3969 voluerit

152 3991 332 4069 obserandi,
344 4014 377 4055 se
402 3992 531 4069 habere,
556 4002 589 4054 et
612 3991 679 4075 ejus
702 3991 858 4054 voluntati
882 4002 915 4054 et
942 3990 1074 4076 imperio
1101 3990 1294 4069 subservire,

154 4080 328 4144 manifestis
348 4080 489 4144 declarat
511 4077 643 4143 indiciis.
690 4077 816 4163 Nempe
839 4090 949 4143 tenere
971 4077 1147 4141 dinoscitur
1170 4079 1294 4144 clavem

156 4162 311 4231 Daviticae
329 4169 511 4253 potestatis,
528 4167 605 4231 dum
620 4167 759 4231 emeritis
775 4178 808 4230 et
823 4165 882 4229 sibi
897 4166 1021 4231 devotis
1036 4164 1156 4229 ostium
1171 4165 1294 4231 miseri·

152 4255 280 4333 cordia,
297 4255 374 4319 dum
389 4256 418 4320 ei
430 4255 569 4332 libuerit,
586 4254 688 4338 aperit
701 4279 709 4331 3
726 4255 892 4318 indevotos
907 4254 984 4320 verb
1000 4269 1033 4319 et
1048 4276 1112 4317 non
1127 4253 1188 4318 sibi
1210 4254 1295 4319 bene

152 4338 282 4418 placitos
292 4344 430 4407 arcendo
441 4343 617 4430 repellit,et
627 4365 722 4428 quam
733 4343 786 4407 diu
799 4343 934 4408 voluerit
951 4342 995 4407 eis
1007 4340 1148 4406 scientiar
1159 4364 1294 4406 conver-

150 4423 244 4493 sionis
260 4444 293 4495 et
308 4431 505 4517 poenitentiae
520 4428 741 4497 satisfactionis
760 4429 978 4516 intelligentiae
994 4431 1097 4497 claves
1112 4429 1291 4496 abscondit.
