2924 4966
406 372 583 423 ιιιιιιιιιιι.
607 372 806 432 ammaus,
826 372 910 421 arc.
1154 346 1222 431 991

81 542 165 603 inors
189 537 220 603 ei
243 536 420 602 certissima
431 535 546 602 fuerat.
595 536 733 600 Proinde
748 535 912 621 pertimuit
936 548 970 600 et
991 536 1157 600 exhorruit
1172 536 1226 600 itta

80 626 138 704 ire,
155 627 214 691 sed
229 638 338 690 tamen
352 623 479 710 gravibs
495 647 602 690 secum
618 624 702 701 tulit,
720 637 823 688 tantas
842 647 919 708 opes
942 624 1063 688 :emulis
1086 624 1150 688 suis
1168 646 1227 710 pro

80 714 230 780 beneficii
245 713 434 778 haereditate
451 713 609 777 deserere.
658 713 804 776 Tandem
823 712 914 776 Beati
934 713 1104 777 Cuthberti
1119 722 1228 798 patro·

80 802 200 867 einium
215 815 249 867 et
265 801 431 866 consilium
443 823 537 886 super
552 800 611 863 hiis
627 800 853 885 postulaturus,
871 800 1057 885 praedictam
1070 801 1225 886 capellam

80 889 307 954 inhonorem
300 889 396 974 rpsius
410 886 576 953 fundatam
591 888 680 966 adiit,
699 888 805 974 ibique
821 900 1075 995 pernoctaturus,
1093 912 1127 952 se
1143 888 1225 952 illius'

80 979 229 1063 precibus
253 975 407 1042 attentilrs
431 976 654 1041 commendare
678 975 808 1060 delegit.
858 962 940 1050 Quo
954 991 1082 1041 noctem
1104 977 1137 1040 in
1157 990 1224 1041 ora·¹

80 1065 220 1130 tionibus
237 1064 439 1130 traducere
421 1065 560 1143 volente,
576 1063 658 1127 forte
675 1076 785 1148 torpor
799 1064 974 1128 naturalis
967 1088 998 1127 m
1018 1065 1128 1128 illum
1121 1066 1223 1142 irruit,

80 1166 114 1217 et
129 1152 231 1254 quieti
246 1176 305 1238 per
319 1152 440 1238 soporis
455 1153 632 1216 remedium
648 1151 813 1236 indulgere
829 1152 992 1237 compulit.
1042 1155 1101 1217 Cui
1121 1153 1226 1239 quies·

79 1241 176 1319 centi,
194 1264 269 1306 ecce
282 1240 414 1341 quidem
430 1240 627 1304 venerandus
642 1239 748 1316 heros,
765 1239 854 1303 habit
842 1254 877 1304 ιιι
900 1240 1118 1303 monachili
1092 1263 1227 1305 circum-

80 1328 215 1393 amictus
230 1328 343 1406 astitit,
361 1344 394 1392 et
409 1328 485 1391 talia
499 1328 691 1414 proloquens
707 1327 773 1403 ait:
800 1338 821 1367 “
838 1328 908 1412 Ego
927 1351 996 1391 sum
1015 1329 1079 1392 Cut
1067 1329 1223 1405 thbertus,

81 1418 170 1502 cujus
196 1417 413 1502 postulaturus
429 1416 582 1480 auxilium
597 1415 659 1479 huc
674 1415 853 1491 advenisti3
877 1430 910 1479 et
929 1415 988 1478 tibi
1003 1416 1058 1478 dat
1046 1429 1134 1479 turus
1150 1439 1225 1479 con-

80 1504 196 1582 silium,
213 1518 247 1568 et
270 1505 432 1568 delaturus
456 1503 630 1568 subsidium
653 1525 736 1566 nunc
755 1463 880 1568 adverii.
928 1502 1022 1566 Nunc
1038 1526 1115 1587 ergo
1138 1503 1224 1568 facto

82 1615 185 1692 mane,
214 1592 256 1657 ad
282 1615 414 1656 concam
440 1591 598 1678 lapideam
624 1604 718 1655 extra
742 1591 838 1654 limen
864 1590 959 1675 hujus
985 1591 1117 1675 capellae
1142 1614 1224 1655 meae

82 1679 218 1764 positam
247 1680 398 1766 procede,
427 1694 460 1743 et
490 1680 531 1743 de
558 1678 757 1743 inferioribus
783 1678 872 1742 fundi
899 1677 981 1742 illius
1004 1677 1157 1764 partibus,
1182 1679 1223 1744 de

82 1789 201 1846 musco,
225 1768 280 1856 qui
302 1768 399 1852 lapidi
423 1767 568 1845 inhaeret,
594 1766 820 1866 aliquaptulam
844 1765 901 1830 tibi
924 1766 1112 1866 particulam
1134 1766 1222 1831 tolle

85 1854 207 1929 Quam
221 1855 342 1920 vertice
358 1855 404 1919 tui
420 1855 532 1940 capitis
547 1815 755 1940 superposita,
772 1855 857 1918 lineo
872 1853 1063 1939 coopertorii
1083 1854 1222 1938 caputio,

81 1962 146 2029 quo
161 1943 209 2007 uti
223 1944 315 2022 soles,
332 1943 418 2007 illam
433 1943 522 2029 operi
538 1957 571 2007 et
585 1942 798 2026 circumtege:
822 1943 929 2029 sicque
950 1965 1014 2028 quo
1030 1941 1222 2026 disposuisti,

82 2053 133 2096 me
163 2031 245 2096 duce
276 2045 309 2096 et
339 2046 533 2116 protectore,
565 2030 770 2116 progredere.
833 2030 918 2094 Nam
948 2044 981 2093 te
1010 2031 1051 2094 ab
1078 2029 1223 2094 omnibus

80 2141 162 2219 quos
191 2119 285 2184 times
310 2118 453 2184 hostibus
480 2119 621 2204 eripiam,
650 2132 684 2181 et
707 2120 765 2182 sub
788 2119 860 2181 mea
882 2129 914 2181 te
942 2117 1126 2182 defensione
1153 2141 1224 2182 cus

83 2206 214 2272 todiam.
276 2207 401 2292 Nempe
430 2206 510 2292 lapis
535 2207 588 2271 ille
615 2220 744 2270 cavatus
767 2219 861 2270 extra
881 2205 978 2270 limen
1002 2205 1145 2270 ecclesiae
1167 2229 1225 2292 po-

81 2294 161 2358 situs
191 2318 316 2380 semper
345 2296 428 2382 aqua
456 2295 626 2359 benedicta
655 2307 702 2357 est
732 2295 903 2380 replet’'
838 2318 884 2358 us.
969 2294 1092 2369 Quibus
1119 2293 1222 2373 dictis,

84 2382 131 2445 vir
159 2382 223 2447 Dei
249 2382 413 2492 disparuit,
437 2383 482 2446 alt
470 2397 518 2446 ter
544 2381 620 2446 verb
648 2395 760 2482 postea
787 2382 952 2483 evigilans,
976 2383 1126 2447 mandata
1151 2406 1224 2469 quae

83 2483 251 2557 acceperat
273 2469 376 2555 aptilrs
400 2470 503 2536 tenaci
527 2470 689 2534 memoriae
712 2469 880 2555 impressit.
926 2471 1024 2536 Unde
1043 2470 1134 2535 mane
1150 2495 1225 2535 con-

82 2581 214 2644 surgens
241 2571 275 2624 et
304 2559 425 2637 exiens,
451 2581 529 2621 mox
552 2559 641 2627 illum
664 2559 803 2658 lapidem
829 2572 976 2623 cavatum
1001 2559 1091 2659 aquis
1121 2560 1225 2661 reple·

84 2658 152 2710 tum
176 2648 337 2733 repperit3
361 2661 394 2711 et
418 2647 459 2710 de
483 2669 592 2711 musco
616 2669 711 2733 quem
736 2646 888 2711 infundo
910 2647 1060 2732 repperi,
1085 2650 1224 2731 particu-

83 2733 147 2798 lam
165 2734 302 2812 sustulit,
320 2747 354 2798 et
372 2736 430 2799 sub
454 2735 582 2818 caputio
597 2734 712 2799 lineo
705 2757 738 2797 m
761 2734 872 2819 capitis
891 2734 939 2797 sui
955 2735 1074 2799 vertice
1090 2735 1224 2818 diligen-

86 2835 135 2886 ter
150 2823 353 2908 composuit:
386 2823 494 2909 sicque
519 2823 580 2886 iter
605 2846 698 2886 suum
717 2845 845 2886 securus
866 2822 1009 2906 arripuit.
1041 2821 1223 2921 Siquidem

85 2909 165 2974 sicut
205 2911 340 2974 Sanctus
367 2910 397 2974 ei
424 2910 560 2986 dixerat,
578 2909 657 2994 lapis
684 2924 776 2974 cavat
778 2934 815 2973 us
846 2911 878 2972 in
905 2909 1071 2995 cymiterio
1101 2909 1221 3008 positus

84 2996 199 3077 fuerat,
216 2998 270 3086 qui
286 3021 411 3084 semper
425 2997 514 3098 aquis
529 2958 728 3082 pluvialibuS,
746 3021 819 3061 cum
838 3021 920 3084 aqua
941 2996 1132 3060 benedicta
1126 3011 1223 3060 mter-

84 3085 194 3164 mixta,
210 3086 374 3186 repletus
366 3085 500 3149 inveniri
515 3099 698 3149 consuerat.
746 3085 783 3148 In
798 3107 863 3170 quo
884 3107 1008 3148 muscus
1034 3106 1076 3147 ex
1091 3085 1222 3184 antiquo

82 3173 251 3251 succrevit,
269 3173 350 3238 sicut
365 3188 478 3238 natura
492 3173 618 3257 lapidea
632 3174 720 3259 aquis
736 3171 917 3236 consuetius
939 3172 1043 3235 inlusa
1063 3172 1221 3256 parturire

85 3261 219 3326 naturali
235 3262 361 3326 tramite
384 3260 572 3326 consuescit.
620 3260 786 3324 Profectus
802 3260 939 3359 denique
957 3260 1040 3324 Malt
1028 3273 1134 3323 tunam
1151 3283 1223 3344 per-

85 3348 181 3427 venit,
199 3363 232 3414 et
247 3372 305 3434 per
319 3350 460 3414 medium
474 3349 614 3413 hostium
636 3371 766 3411 suorum
791 3349 957 3424 transiens,
974 3361 1007 3410 et
1031 3371 1086 3411 eos
1110 3348 1222 3413 videns

83 3449 118 3500 et
133 3460 318 3522 agnoscens,
332 3461 352 3501 a
366 3436 491 3501 nemine
508 3436 646 3520 ipsorum
664 3436 761 3500 videri
779 3437 830 3499 vel
845 3435 965 3498 dinosci
981 3435 1096 3519 potuit.
1128 3437 1222 3500 Oculi

85 3523 216 3611 quidem
230 3526 356 3589 illorum
372 3526 417 3589 ita
439 3525 656 3601 tenebrantur,
671 3537 705 3587 ut
725 3547 799 3588 eum
819 3523 974 3600 viderent,
992 3547 1050 3587 nec
1071 3547 1223 3608 agnosce-

84 3625 177 3690 rent;
202 3613 231 3676 ei
248 3613 426 3690 obviarent,
437 3636 496 3676 nec
511 3611 688 3697 praepedire
699 3612 814 3675 scirent
830 3611 970 3693 vel—eum
986 3611 1221 3687 discernerent:

83 3711 119 3762 et
134 3701 174 3764 ab
189 3724 229 3764 eo
246 3701 303 3764 visi
319 3702 367 3765 vel
384 3699 583 3776 consalutati,
601 3698 668 3785 quis
687 3700 781 3762 luerit
793 3698 919 3783 penitus
931 3722 994 3761 non
1007 3699 1221 3763 adverterent.

88 3787 168 3852 Haec
202 3801 257 3852 tua
281 3801 364 3865 sunt,
341 3788 497 3851 ttBeae
524 3786 620 3850 Pater
654 3789 701 3852 Cu
705 3787 812 3850 tthber
801 3803 842 3863 te,
860 3787 1036 3870 magnalia3
1069 3788 1122 3873 qui
1153 3788 1222 3850 ubi-

84 3897 224 3976 cunque
224 3890 380 3940 terrarum
394 3875 521 3937 invocat
523 3897 558 3936 us
573 3874 681 3974 fueris,
703 3875 779 3938 facis
795 3897 920 3959 semper
944 3874 1108 3938 mirabilia
1156 3875 1222 3938 De-

85 3984 180 4050 mque
198 3964 243 4027 vir
262 3964 314 4028 ille
335 3987 392 4048 per
416 3961 588 4026 medium'
581 3961 777 4025 mimicorum
798 3986 926 4025 suorum
947 3962 1080 4038 transiit,
1058 3963 1221 4027 tta-Mal

84 4072 157 4114 nam
184 4049 332 4136 prospere
354 4049 509 4155 pervenit,
539 4072 678 4136 opesque
705 4073 776 4113 suas
803 4073 1006 4136 quascunque
1031 4010 1143 4113 habuit
1170 4051 1220 4113 vel

85 4138 185 4202 voluit
215 4163 323 4203 secum
349 4136 457 4203 secure
482 4138 626 4200 sustulit:
651 4160 807 4224 sanusque
832 4151 865 4200 et
889 4139 993 4201 alacer
1023 4138 1064 4200 ad
1093 4139 1172 4201 fines
1202 4162 1222 4202 a

107 4226 198 4292 uibus
209 4227 368 4312 profectus
384 4227 499 4303 luerat,
517 4224 630 4300 rediit3
654 4239 687 4288 et
703 4225 755 4309 pio
771 4226 893 4289 custodi
910 4249 967 4289 suo
991 4239 1023 4288 et
1047 4229 1222 4310 protectori

84 4248 207 4379 (denoto
226 4315 405 4380 Cuthberto
429 4314 544 4397 gratias
569 4337 646 4399 quas
672 4314 759 4377 novit
786 4312 934 4389 reddidit,
964 4326 995 4378 et
1020 4313 1088 4377 haec
1115 4317 1222 4378 omnia

83 4403 240 4468 sacerdoti
259 4426 315 4467 suo
339 4416 370 4468 et
396 4403 549 4488 praedicto
579 4402 709 4465 Dolfiuo
746 4401 860 4467 clerico
886 4421 992 4467 coram
1019 4403 1125 4466 multis
1153 4404 1220 4468 aliis

627 4496 682 4553 rt
