2924 4966
150 337 222 405 158
505 350 722 401 nacturum
750 352 943 403 mosacen

149 606 249 671 CAP.
264 604 369 669 LXX
370 604 386 667 l
388 604 629 685 't-Qoonwm
640 606 757 669 Beatus
769 607 958 671 catanus
967 612 1101 675 aridum
1111 612 1190 677 laico
1201 615 1290 694 udalr

231 697 370 775 protritos
391 703 421 757 ct
440 698 592 757 orationes
613 696 764 757 edocuerit
783 698 850 757 siae
870 701 959 759 omni
972 702 1133 765 eruditore
1152 702 1206 763 stit
1219 706 1292 765 uniar

237 786 377 845 momenti
397 784 557 846 celeritate.

198 956 296 1039 llegis
321 956 434 1019 aeterni
462 956 552 1020 miles
576 954 727 1019 emeritus
755 954 875 1019 Beatus
903 958 1116 1024 Cutbbertus
1139 962 1296 1027 dinoscitur

150 1044 324 1121 exstitisse,
337 1044 412 1129 quia
423 1044 524 1127 gloria
539 1056 571 1108 et
586 1043 708 1105 honore
723 1042 857 1127 ipsumit
875 1044 952 1109 Deo
968 1046 1004 1109 in
1019 1048 1114 1113 caelis
1126 1064 1297 1114 coronatum

153 1131 310 1195 eredimus
333 1131 364 1194 iu
388 1134 493 1215 regnis
516 1130 694 1195 caelestibus
717 1130 882 1216 effulgere.
933 1134 1004 1197 Sed
1026 1135 1120 1222 quia,
1142 1138 1297 1203 Salomone

152 1221 301 1295 (lucente,
318 1219 421 1303 gloria
436 1220 533 1304 patris
549 1232 597 1284 est
615 1218 771 1303 sapientia
788 1219 856 1297 filii,
874 1219 1035 1285 debemus
1053 1224 1170 1289 Deum
1189 1248 1298 1311 semper

152 1306 183 1369 in
211 1306 302 1369 Beati
327 1307 498 1372 Cuthberti
522 1307 623 1391 gloria
643 1307 810 1384 extollere,
828 1320 862 1372 et
877 1308 1050 1392 sapientiae
1074 1313 1253 1379 bonitatem
1271 1326 1298 1378 et

152 1394 350 1479 disciplinam
372 1408 404 1457 et
423 1396 586 1460 scientiam
605 1395 645 1459 ab
660 1394 730 1479 ipso
745 1394 900 1460 instanter
916 1396 1074 1461 desiderii
1093 1402 1212 1467 ardore
1234 1424 1300 1466 con-

86 1517 91 1527 ·
152 1497 273 1546 stanter
289 1497 462 1567 expetere:
484 1483 670 1569 sapientiam
687 1495 721 1545 ut
743 1482 878 1566 provide
895 1506 1053 1568 agatnus3
1077 1489 1257 1554 bonitatem
1269 1504 1298 1553 ut

153 1570 267 1634 tunoris
291 1570 403 1634 alterni
426 1572 627 1636 dulcedinem
649 1570 841 1646 liabeamus3
865 1570 1071 1656 disciplinam
1095 1599 1165 1663 quo
1186 1600 1298 1641 morum

154 1658 343 1723 modestiam
353 1682 595 1744 cotnponamus3
611 1658 773 1724 scientiam
787 1673 821 1721 ut
831 1659 909 1723 alios
925 1662 986 1745 piis
1002 1662 1170 1728 bonorum
1181 1680 1299 1730 actuum

152 1747 314 1830 gressibus
330 1761 361 1810 et
379 1747 490 1811 studiis
507 1748 722 1811 inlinmemns.
771 1746 803 1810 Si
818 1746 895 1811 verb
910 1746 944 1811 in
959 1747 1010 1811 his
1027 1750 1151 1815 inediae
1167 1753 1299 1839 indigen·

154 1835 230 1897 tiam
246 1834 497 1912 sustinuerimus,
514 1835 627 1900 sicuti
652 1848 742 1918 patre
758 1834 814 1898 filii
833 1836 954 1899 donum
978 1838 1154 1921 sapientiae
1176 1854 1299 1927 expett·

154 1945 234 1986 mas.
283 1923 387 1985 Datur
406 1923 490 1986 enim
510 1923 673 2008 sapientire
696 1934 786 2006 pater
807 1936 915 1987 noster
933 1925 1140 1991 Cutbbertus
1156 1942 1216 2007 est,
1231 1930 1298 1993 licet

153 2033 216 2073 non
229 2009 323 2087 illius,
338 2034 409 2097 quic
422 2009 484 2073 unir
494 2035 567 2075 eum
581 2012 676 2075 Patre
686 2011 962 2075 consubstantialis
975 2026 1009 2076 et
1019 2028 1188 2080 coeternae
1197 2017 1297 2101 gloria

154 2111 201 2161 est
260 2098 432 2182 Sapientiae
454 2112 561 2162 tamen
582 2097 787 2182 intelligibilis
803 2111 851 2163 est
867 2099 1057 2165 distributor
1072 2104 1167 2189 cujus
1182 2127 1298 2169 assecu-

156 2186 242 2249 tione
266 2186 367 2250 onmis
384 2185 479 2271 ipsius
496 2186 666 2272 discipulus
688 2188 725 2249 fit
749 2186 903 2250 virtutum
929 2188 1108 2274 disciplinae
1137 2206 1298 2257 executor.

157 2273 242 2337 Nam
257 2275 374 2337 multos
394 2274 537 2337 novimus
554 2273 571 2336 {a
591 2276 692 2342 Beato
711 2275 892 2339 Cuthbcrto
907 2275 1029 2340 donum
1044 2278 1193 2343 scientiae
1208 2302 1298 2366 expe-

154 2362 240 2439 tisse,
255 2377 288 2425 et
305 2362 458 2425 uberioris
471 2385 566 2448 qnam
582 2362 782 2447 expetierant
795 2363 880 2426 dono
895 2363 1009 2448 gratiae
1019 2364 1205 2433 inundasse.
1249 2367 1296 2433 De

153 2473 289 2536 quorum
311 2473 445 2514 numero
471 2451 562 2514 Beda
585 2451 710 2515 Doctor
733 2452 918 2535 magnificus
940 2452 1078 2532 exstitit,
1101 2456 1159 2541 qui
1185 2456 1296 2541 linguar

154 2537 362 2622 impeditioris
378 2538 606 2623 impedimento
622 2538 717 2623 ipsius
732 2539 851 2603 meritis
871 2539 992 2604 absolvi
1007 2543 1140 2607 meruit.
1190 2545 1298 2631 Cujus-

155 2627 242 2689 modi
265 2649 366 2710 genus
382 2626 523 2689 miraculi
540 2626 636 2690 etiam
652 2627 764 2690 nostris
786 2628 980 2713 temporibus
996 2630 1134 2715 contigit
1158 2632 1298 2719 largiflui

154 2715 256 2797 gratia
276 2714 369 2777 Beati
389 2714 570 2779 Cutliberti.
620 2715 717 2788 Quod
733 2715 806 2779 licet
821 2738 887 2779 non
901 2715 998 2779 suerit
1012 2716 1045 2779 in
1064 2718 1189 2803 lingnae
1205 2720 1298 2821 impe·

154 2801 278 2866 ditioris
288 2802 498 2880 absolutione,
510 2802 542 2865 in
559 2826 598 2866 eo
611 2816 718 2866 tamen
728 2804 860 2888 contigit
870 2804 957 2892 quod
971 2805 1101 2889 majoris
1114 2822 1165 2871 est
1175 2822 1296 2895 gratae,

154 2892 239 2954 dono
262 2890 412 2955 videlicet
438 2890 580 2954 scientiae
608 2904 640 2954 et
671 2890 901 2976 intelligentiae.
948 2892 1112 2977 Tempore
1142 2894 1170 2959 si
1195 2896 1298 2961 uidem

158 2978 321 3043 Guillelmi
352 3002 453 3063 nuper
485 2978 708 3042 Duncbncnsis
746 2979 917 3065 Episcopi,¹
947 2979 1077 3066 quidam
1189 2984 1297 3049 bertus

156 3067 263 3144 Miles,
284 3068 325 3131 de
353 3068 471 3131 Sancto
500 3066 642 3131 Martino
665 3067 844 3152 agnomine,
863 3067 1025 3152 religionis
1049 3068 1168 3136 ductus
1192 3095 1298 3137 amore

155 3155 406 3220 Duuelmensem
431 3154 597 3219 ecclesiam
619 3155 726 3233 subiit,
751 3168 784 3220 et
806 3155 983 3219 monachici
1006 3157 1129 3223 ordinis
1153 3158 1297 3225 habiturn

153 3243 272 3307 ibidem
284 3242 461 3329 assumpsit.
511 3242 575 3315 Qui
587 3256 706 3329 quanto
718 3243 834 3307 divitiis
849 3241 936 3329 priris
948 3244 981 3308 in
990 3245 1098 3309 seculo
1113 3262 1298 3333 praepotens

152 3346 185 3395 ct
201 3332 323 3396 facetus
339 3331 518 3408 exstiterat,
536 3343 627 3394 tanto
644 3332 713 3416 jarn
732 3331 764 3394 in
779 3331 972 3396 monasterio
990 3332 1113 3417 positus
1129 3334 1237 3399 mindo
1251 3358 1299 3401 sa·

152 3419 241 3504 piens
268 3433 301 3483 et
325 3419 412 3484 rudis
438 3418 523 3482 circa
550 3442 655 3483 mores
680 3419 921 3485 ecclesiasticos¹
934 3422 1120 3505 apparebat.
1169 3422 1296 3511 Nempe

152 3507 311 3572 saecularis
327 3507 450 3592 pcritiae
466 3507 598 3571 fascetia
608 3507 766 3591 religiosae
781 3507 1028 3572 conversationis
1043 3508 1215 3575 dissolutio
1229 3535 1297 3577 esse

152 3595 327 3659 dinoscitur
343 3608 376 3659 et
391 3595 645 3679 intemperantia.
692 3594 768 3659 Non
783 3595 867 3660 enirn
882 3596 1297 3683 conveniuntcontinentioe

153 3684 288 3767 parcitas
304 3702 337 3747 et
353 3683 523 3747 affluentiae
543 3683 719 3768 frugalitas,
736 3682 812 3769 quia
833 3683 887 3747 illa
908 3683 999 3747 samis
1013 3683 1120 3748 inediis
1141 3686 1296 3771 pascitur,

153 3770 214 3836 ista
229 3773 305 3837 verb
321 3771 509 3855 dapsilitatis
532 3771 633 3857 hylari
649 3771 868 3855 superfluitate
883 3770 1048 3855 gloriatur.
1097 3772 1178 3839 Erat
1200 3774 1298 3861 igitur

152 3872 272 3944 quanto
291 3859 391 3943 magis
413 3859 546 3923 edoctus
569 3859 676 3924 saeculi
699 3858 880 3923 eruditione
901 3872 934 3923 ct
956 3859 1098 3937 scientia,
1116 3875 1209 3927 tanto
1231 3886 1299 3929 atn-

152 3948 233 4031 plius
249 3948 431 4012 edocendus
454 3946 486 4009 in
509 3948 629 4031 regulae
644 3947 828 4011 monasticae
851 3948 953 4011 forma
972 3961 1004 4012 et
1027 3946 1205 4033 disciplina.
1253 3952 1297 4017 Et

153 4038 237 4099 enim
252 4034 290 4099 ὲο
305 4032 432 4120 gravies
449 4058 532 4098 nova
546 4035 737 4099 documenta
752 4034 953 4120 suscipiendo
972 4035 1137 4101 addiscere
1152 4039 1207 4103 vel
1220 4038 1298 4104 reti·

153 4142 228 4186 nere
244 4135 403 4208 potuerat,
421 4146 485 4210 quo
504 4122 686 4187 familiarius
702 4136 735 4187 et
757 4123 946 4208 peculiariils
962 4124 1143 4188 i'eterandis
1162 4149 1298 4193 consue·

154 4208 315 4275 tudinibus
346 4208 463 4273 diutius
494 4210 678 4275 inhaerendo
714 4210 909 4275 adoleverat.
973 4211 1137 4299 Siquidem
1171 4228 1297 4301 septem

444 4409 578 4462 tWillisni
591 4408 622 4461 tle
635 4409 674 4461 St
686 4410 807 4473 Barbara,
822 4413 996 4463 itta-lter.
