2924 4966
241 368 290 433 ⁸20
598 378 810 427 asomum
842 378 1021 427 ‚uosscru

244 545 368 610 virtutis
384 542 569 608 miraculuur
583 542 613 607 in
626 542 723 606 totius
735 566 833 605 sacrae
844 542 1009 627 scriptura·
1020 541 1102 606 serie
1112 544 1231 628 poterit
1242 544 1395 630 reperiri,

268 634 331 698 uod
346 634 376 697 in
393 631 584 695 admirandis
604 631 696 695 Beati
721 630 891 696 Cuthberti
914 631 1063 716 operibus
1082 653 1147 694 non
1162 654 1308 696 consono
1323 655 1399 697 mo-

244 660 416 788 ilerationis
453 718 564 783 ordine
597 719 792 803 completum
822 718 926 782 valeat
956 718 1138 804 approbari.
1206 719 1257 785 Illi
1293 720 1398 806 igitur

246 827 347 876 totam
367 809 503 873 Insulam
520 808 745 892 pervagabaut,
763 820 796 869 et
819 806 1001 891 diripientes
1024 806 1132 870 omnia
1146 830 1257 871 secum
1273 831 1399 895 expor-

248 900 369 965 tabaut.
418 896 557 961 Multum
584 909 691 960 tamen
717 894 892 958 adinvicem
919 895 1208 981 conquerebantur,
1233 897 1326 983 quod
1350 897 1399 961 ita

247 987 363 1062 omnia,
380 985 439 1049 illis
456 1007 518 1047 non
537 982 813 1068 praevenientibus,
831 984 872 1045 de
892 1006 1002 1046 eorum
1017 982 1134 1067 rapinis
1154 997 1187 1048 et
1207 985 1400 1069 rapacitatis

248 1074 386 1160 ingluvie
413 1072 576 1136 subtracta
599 1071 799 1135 videbantur.
860 1071 1049 1155 l'erpaucos,
1077 1094 1158 1158 quos
1188 1071 1397 1151 invenerant,

247 1162 355 1248 gladio
370 1161 545 1224 devorante
557 1159 761 1223 dilaniabant.
804 1158 891 1221 Alios
903 1159 999 1222 etiam
1011 1158 1191 1244 expoliatos
1203 1161 1399 1226 verberibus

249 1266 282 1316 et
301 1247 499 1313 contumeliis
515 1247 704 1312 afficiebant.
753 1248 961 1332 Quaecunque
980 1262 1098 1323 autem,
1116 1248 1261 1334 quamvis
1277 1272 1397 1334 pauca,

251 1337 390 1417 invenire
415 1348 573 1422 poterant,
590 1335 696 1399 omnia
718 1334 910 1420 asportando
933 1334 1136 1420 diripiebant.
1182 1335 1401 1402 Minahautur

250 1427 376 1511 insuper
399 1424 472 1511 quia
494 1423 518 1486 si
541 1424 581 1487 ali
605 1423 711 1488 uando
733 1446 843 1487 eorum
862 1423 1000 1488 reditum
1015 1423 1184 1488 advertere
1200 1424 1397 1510 potuissent,

247 1538 344 1603 <quam
363 1512 496 1577 celerius
519 1447 744 1587 accelerarent,
761 1525 797 1574 ut
823 1535 878 1576 eos
900 1512 1008 1595 gladio
1032 1511 1207 1576 devorante
1224 1535 1401 1579 consume-

250 1616 340 1668 rentz
369 1617 402 1666 et
422 1613 511 1665 tauto
531 1600 562 1662 in
581 1600 625 1663 eis
644 1598 746 1664 acrius
764 1598 954 1663 desaevirent
974 1612 1094 1686 quanto
1112 1600 1314 1667 formidolius
1334 1600 1400 1667 illis

156 1722 159 1727 ¹
252 1692 438 1756 illusissent:
457 1700 478 1730 ‘⁴
488 1688 639 1772 Fugam,”
653 1687 809 1775 inquiunt,
822 1687 1027 1752 “nullatenus
1043 1687 1157 1752 inirent
1170 1689 1229 1753 nisi
1240 1689 1283 1752 ad
1295 1690 1401 1776 gladii

251 1778 351 1845 riustri
360 1776 534 1842 vibramina
542 1775 654 1840 anxius
666 1774 873 1860 trepidarent,
884 1789 917 1840 et
927 1775 1120 1861 pretiosioris
1132 1776 1274 1854 thesauri
1284 1800 1401 1843 secum

252 1867 430 1953 depositum
458 1864 700 1929 transtulissent.
760 1862 857 1927 Unde
883 1864 1051 1928 advertere
1077 1863 1199 1950 liquido
1225 1887 1402 1950 possumus

172 2018 177 2030 ,
252 1979 346 2043 cluam
361 1954 453 2018 l'acile
469 1952 538 2016 illos
553 1951 751 2016 devincendo
774 1953 943 2038 subjugare
959 1953 1122 2038 possimus
1137 1966 1170 2015 et
1185 1953 1298 2040 quanti
1315 1954 1402 2019 lucri

253 2041 472 2107 commertium
503 2040 544 2103 de
575 2040 700 2104 illorum
727 2039 855 2104 interitu
886 2063 1013 2125 sperare
1042 2040 1227 2104 debeamus.
1277 2042 1401 2107 Studio

253 2131 349 2214 igitur
364 2142 472 2193 nostro
488 2126 719 2213 diligentiorem
742 2127 985 2193 sollicitudinem
1000 2127 1216 2205 adhibeamus,
1233 2142 1268 2191 ut
1294 2153 1403 2217 quan·

254 2218 360 2318 doque
376 2216 545 2279 redeuntes
557 2216 663 2300 gladio
679 2216 853 2302 praevenire
866 2216 1050 2301 possimus.”
1099 2215 1179 2280 Haec
1195 2215 1294 2280 ethis
1310 2218 1403 2283 simi-

253 2305 295 2369 lia
310 2329 340 2368 rn
357 2302 484 2368 auribus
497 2302 602 2367 clerici
616 2304 697 2368 illius
709 2304 908 2380 insonabant,
922 2319 955 2368 et
970 2303 1140 2368 frementes
1152 2304 1266 2368 furoris
1278 2306 1401 2391 spiritu

253 2392 389 2479 plurima
413 2391 614 2476 adjiciebant.
671 2391 734 2455 Illis
757 2405 864 2456 autem
887 2392 1016 2456 demum
1039 2393 1181 2477 egressis,
1199 2415 1404 2480 consurgens

254 2480 385 2545 clericus
401 2493 434 2543 et
456 2477 498 2543 ad
525 2478 716 2564 Episcopum
738 2480 902 2568 sociosque
925 2503 998 2544 suos
1020 2480 1192 2565 profectus,
1209 2495 1328 2547 cuncta
1352 2484 1403 2548 eis

255 2592 296 2633 cx
313 2566 423 2633 ordine
439 2566 568 2642 retulit3
592 2567 681 2631 etad
703 2568 841 2632 Insulam
864 2568 967 2632 redire
991 2591 1045 2632 eos
1068 2568 1196 2632 omnino
1219 2569 1403 2653 prohibuit.

257 2658 369 2722 “Cum
383 2656 475 2721 vero'’
489 2655 598 2742 inquid
613 2666 633 2695 “
645 2655 762 2720 Beatus
772 2679 883 2740 pacem
899 2657 1096 2721 Cuthbertus
1105 2657 1279 2722 reformare
1289 2658 1408 2746 dispo-

257 2744 365 2822 suerit,
382 2744 503 2808 aditum
526 2743 637 2844 patria»
661 2757 766 2808 vestra
788 2743 930 2829 dignatio
951 2768 1045 2830 quarn
1061 2744 1152 2807 citius
1167 2745 1299 2830 adipisci
1315 2772 1406 2834 prae-

257 2830 404 2898 valebit.''
453 2832 598 2896 Pluribus
614 2846 721 2896 autem
737 2855 791 2896 eos
803 2832 1012 2896 commonitos
1027 2832 1171 2919 eloquiis,
1188 2831 1230 2896 ad
1244 2833 1407 2904 interiora

257 2920 373 2985 deserti
394 2943 465 2984 cum
485 2919 529 2985 eis
549 2919 665 2995 subiit;
691 2932 724 2983 et
743 2919 935 3005 aliquamdiu
955 2920 1089 2985 cumeis
1109 2943 1212 2985 moras
1237 2921 1403 3009 innexuit,

258 3010 448 3095 demumque
464 3023 581 3072 catera
596 3007 640 3072 cis
657 3008 899 3072 denuntiaturus
915 3009 1045 3072 domum
1059 3007 1235 3094 repedavit.

260 3276 358 3341 CAP.
383 3273 680 3353 XIlK-Quomodo
705 3294 815 3355 corpus
838 3274 932 3336 Beati
955 3275 1110 3338 Cutlrberti
1136 3278 1169 3337 iu
1190 3277 1406 3348 tabernaculis

338 3383 397 3445 per
412 3384 507 3425 oritura
529 3370 639 3442 septem
661 3362 852 3438 habitaverit,
872 3371 901 3424 et
914 3365 947 3424 iu
962 3363 1094 3425 humeris
1112 3383 1266 3427 cervonem
1288 3368 1407 3449 depor.

345 3457 439 3514 tatum
445 3450 558 3530 feeerit,
574 3458 604 3511 et
616 3470 708 3531 qrmru
716 3450 830 3530 felices
845 3451 893 3513 ult
902 3453 1066 3531 portitores
1074 3453 1250 3530 exstiterint,
1264 3458 1320 3537 qui
1334 3466 1404 3522 tam

342 3541 427 3603 sacri
440 3538 568 3618 hospitis
582 3538 767 3618 bajulamres
777 3537 883 3618 fuisse
898 3541 1070 3601 meruerint.

308 3712 403 3778 l‘atcr
422 3710 518 3796 igitur
537 3710 821 3775 misericordiarum
842 3723 874 3774 et
895 3711 991 3775 totius
1011 3713 1244 3792 consolationis,
1262 3714 1294 3777 in
1309 3720 1402 3785 omni

261 3798 465 3864 tribulatione
489 3799 598 3885 populi
625 3798 683 3876 sui,
713 3799 830 3862 Beatus
859 3799 1066 3877 cuthbertus,
1095 3814 1218 3885 septem
1241 3826 1401 3872 annorum

261 3887 367 3972 spacio
386 3887 521 3972 iutegr0,
539 3910 596 3973 per
615 3888 742 3951 deserta
757 3887 841 3951 invia
856 3901 889 3950 et
908 3887 1069 3974 inaquosa,
1091 3889 1346 3978 circumquaque,
1366 3895 1402 3963 in

263 3974 399 4040 humeris
423 3976 612 4040 devotorum
635 3974 934 4039 circumferebatur:
959 3990 1002 4054 et,
1021 3977 1097 4040 dum
1120 3977 1287 4042 domorum
1311 3992 1402 4049 tecta

263 4061 448 4147 operimenti
466 4062 605 4148 hospicia
625 4062 871 4148 denegaverant,
889 4064 948 4127 sub
972 4065 1247 4129 tabernaculorum
1271 4060 1408 4136 umbra-⁸

263 4149 340 4214 culis
363 4152 556 4215 morabatur.
607 4150 713 4224 Quam
735 4150 839 4215 felicia
865 4165 955 4214 erant
978 4151 1032 4217 illa
1046 4155 1324 4220 tabernaculorum
1339 4157 1402 4224 do-

262 4235 377 4302 micilia
399 4261 470 4324 quoe
486 4238 544 4303 sub
567 4250 657 4303 tanto
680 4238 804 4324 hospite
828 4238 990 4304 enitebant
1002 4264 1010 4316 ;
1034 4264 1128 4327 quam
1143 4241 1251 4307 felices
1274 4244 1400 4312 humeri

262 4324 315 4413 qui
341 4338 405 4390 turn
433 4324 606 4390 suavissimi
631 4326 758 4389 honeris
780 4327 895 4412 jugum
918 4341 1045 4413 portare
1069 4333 1264 4396 meruerant!
1312 4332 1399 4399 Vere

258 4413 326 4499 jum
349 4413 482 4477 caelestis
509 4435 564 4497 spe
592 4412 766 4477 dulcedinis
792 4414 933 4499 perfecte
960 4415 1072 4481 initiati
1100 4417 1224 4481 fuerant
1250 4420 1304 4506 qui
1327 4422 1399 4486 talis
