<?xml version="1.0" encoding="UTF-8"?>
<!DOCTYPE html PUBLIC "-//W3C//DTD XHTML 1.0 Transitional//EN"
    "http://www.w3.org/TR/xhtml1/DTD/xhtml1-transitional.dtd">
<html xmlns="http://www.w3.org/1999/xhtml" xml:lang="en" lang="en">
 <head>
  <title>
</title>
<meta http-equiv="Content-Type" content="text/html;charset=utf-8" />
  <meta name='ocr-system' content='tesseract 3.04.00' />
  <meta name='ocr-capabilities' content='ocr_page ocr_carea ocr_par ocr_line ocrx_word'/>
</head>
<body>
  <div class='ocr_page' id='page_1' title='image "./reginaldimonach00regigoog_0069.png"; bbox 0 0 2924 4966; ppageno 0'>
   <div class='ocr_carea' id='block_1_1' title="bbox 493 349 1323 427">
    <p class='ocr_par' dir='ltr' id='par_1_1' title="bbox 493 349 1323 427">
     <span class='ocr_line' id='line_1_1' title="bbox 493 349 1323 427; baseline 0.005 -17"><span class='ocrx_word' id='word_1_1' title='bbox 493 360 672 412; x_wconf 79' lang='lat' dir='ltr'>uunnnu.</span> <span class='ocrx_word' id='word_1_2' title='bbox 694 361 898 424; x_wconf 75' lang='lat' dir='ltr'>muamus,</span> <span class='ocrx_word' id='word_1_3' title='bbox 919 361 1005 412; x_wconf 83' lang='lat' dir='ltr'>ure.</span> <span class='ocrx_word' id='word_1_4' title='bbox 1274 349 1323 427; x_wconf 80' lang='lat'>49</span> 
     </span>
    </p>
   </div>
   <div class='ocr_carea' id='block_1_2' title="bbox 134 515 1321 4169">
    <p class='ocr_par' dir='ltr' id='par_1_2' title="bbox 134 515 1321 4169">
     <span class='ocr_line' id='line_1_2' title="bbox 171 515 1317 608; baseline 0.007 -26"><span class='ocrx_word' id='word_1_5' title='bbox 171 515 369 584; x_wconf 79' lang='lat' dir='ltr'>Monachum</span> <span class='ocrx_word' id='word_1_6' title='bbox 385 523 529 600; x_wconf 89' lang='lat' dir='ltr'>accessit,</span> <span class='ocrx_word' id='word_1_7' title='bbox 545 536 579 588; x_wconf 87' lang='lat' dir='ltr'>et</span> <span class='ocrx_word' id='word_1_8' title='bbox 605 523 648 588; x_wconf 93' lang='lat' dir='ltr'>nil</span> <span class='ocrx_word' id='word_1_9' title='bbox 665 523 792 608; x_wconf 90' lang='lat' dir='ltr'>penitus</span> <span class='ocrx_word' id='word_1_10' title='bbox 807 522 1012 608; x_wconf 82' lang='lat' dir='ltr'>superfuisse,</span> <span class='ocrx_word' id='word_1_11' title='bbox 1030 523 1221 590; x_wconf 84' lang='lat' dir='ltr'>testantibus</span> <span class='ocrx_word' id='word_1_12' title='bbox 1237 525 1317 604; x_wconf 88' lang='lat' dir='ltr'>aliis,</span> 
     </span>
     <span class='ocr_line' id='line_1_3' title="bbox 166 606 1321 709; baseline 0.008 -40"><span class='ocrx_word' id='word_1_13' title='bbox 166 606 222 692; x_wconf 92' lang='lat' dir='ltr'>qui</span> <span class='ocrx_word' id='word_1_14' title='bbox 249 629 322 671; x_wconf 91' lang='lat' dir='ltr'>cum</span> <span class='ocrx_word' id='word_1_15' title='bbox 338 632 378 674; x_wconf 89' lang='lat' dir='ltr'>eo</span> <span class='ocrx_word' id='word_1_16' title='bbox 393 609 486 672; x_wconf 92' lang='lat' dir='ltr'>simul</span> <span class='ocrx_word' id='word_1_17' title='bbox 510 610 657 675; x_wconf 90' lang='lat' dir='ltr'>viderant</span> <span class='ocrx_word' id='word_1_18' title='bbox 680 624 714 673; x_wconf 89' lang='lat' dir='ltr'>et</span> <span class='ocrx_word' id='word_1_19' title='bbox 740 611 1007 709; x_wconf 79' lang='lat' dir='ltr'>conquaeslerant,</span> <span class='ocrx_word' id='word_1_20' title='bbox 1024 633 1097 675; x_wconf 93' lang='lat' dir='ltr'>cum</span> <span class='ocrx_word' id='word_1_21' title='bbox 1121 627 1321 679; x_wconf 88' lang='lat' dir='ltr'>sacramento</span> 
     </span>
     <span class='ocr_line' id='line_1_4' title="bbox 152 695 1320 784; baseline 0.009 -30"><span class='ocrx_word' id='word_1_22' title='bbox 152 695 407 776; x_wconf 87' lang='lat' dir='ltr'>protestationis</span> <span class='ocrx_word' id='word_1_23' title='bbox 430 698 575 760; x_wconf 89' lang='lat' dir='ltr'>asseruit.</span> <span class='ocrx_word' id='word_1_24' title='bbox 623 698 716 761; x_wconf 90' lang='lat' dir='ltr'>Tunc</span> <span class='ocrx_word' id='word_1_25' title='bbox 732 699 879 761; x_wconf 80' lang='lat' dir='ltr'>omnibus</span> <span class='ocrx_word' id='word_1_26' title='bbox 905 696 974 760; x_wconf 86' lang='lat' dir='ltr'>aliis</span> <span class='ocrx_word' id='word_1_27' title='bbox 1000 697 1204 762; x_wconf 89' lang='lat' dir='ltr'>consiliorum</span> <span class='ocrx_word' id='word_1_28' title='bbox 1227 700 1320 784; x_wconf 89' lang='lat' dir='ltr'>adju·</span> 
     </span>
     <span class='ocr_line' id='line_1_5' title="bbox 164 781 1317 865; baseline 0.007 -23"><span class='ocrx_word' id='word_1_29' title='bbox 164 781 531 861; x_wconf 77' lang='lat' dir='ltr'>mentis&#39;deficientibus,</span> <span class='ocrx_word' id='word_1_30' title='bbox 548 807 626 849; x_wconf 92' lang='lat' dir='ltr'>mox</span> <span class='ocrx_word' id='word_1_31' title='bbox 641 784 683 848; x_wconf 92' lang='lat' dir='ltr'>ad</span> <span class='ocrx_word' id='word_1_32' title='bbox 713 784 806 848; x_wconf 82' lang='lat' dir='ltr'>Beati</span> <span class='ocrx_word' id='word_1_33' title='bbox 826 783 998 848; x_wconf 89' lang='lat' dir='ltr'>Cuthberti</span> <span class='ocrx_word' id='word_1_34' title='bbox 1014 785 1158 848; x_wconf 91' lang='lat' dir='ltr'>tumbam</span> <span class='ocrx_word' id='word_1_35' title='bbox 1173 787 1317 865; x_wconf 89' lang='lat' dir='ltr'>accessit,</span> 
     </span>
     <span class='ocr_line' id='line_1_6' title="bbox 151 869 1317 957; baseline 0.008 -29"><span class='ocrx_word' id='word_1_36' title='bbox 151 877 200 929; x_wconf 80' lang='lat' dir='ltr'>.et</span> <span class='ocrx_word' id='word_1_37' title='bbox 226 889 300 930; x_wconf 93' lang='lat' dir='ltr'>cum</span> <span class='ocrx_word' id='word_1_38' title='bbox 326 869 505 934; x_wconf 89' lang='lat' dir='ltr'>devotionis</span> <span class='ocrx_word' id='word_1_39' title='bbox 528 870 678 935; x_wconf 67' lang='lat' dir='ltr'>instantiis</span> <span class='ocrx_word' id='word_1_40' title='bbox 701 871 791 935; x_wconf 90' lang='lat' dir='ltr'>brevi</span> <span class='ocrx_word' id='word_1_41' title='bbox 817 870 948 957; x_wconf 91' lang='lat' dir='ltr'>quidem</span> <span class='ocrx_word' id='word_1_42' title='bbox 975 870 1127 934; x_wconf 89' lang='lat' dir='ltr'>orationis</span> <span class='ocrx_word' id='word_1_43' title='bbox 1146 871 1317 938; x_wconf 86' lang='lat' dir='ltr'>dulcedine</span> 
     </span>
     <span class='ocr_line' id='line_1_7' title="bbox 169 951 1317 1043; baseline 0.008 -28"><span class='ocrx_word' id='word_1_44' title='bbox 169 951 263 1017; x_wconf 83' lang='lat' dir='ltr'>Beati</span> <span class='ocrx_word' id='word_1_45' title='bbox 283 957 454 1021; x_wconf 91' lang='lat' dir='ltr'>Cuthberti</span> <span class='ocrx_word' id='word_1_46' title='bbox 477 957 631 1021; x_wconf 92' lang='lat' dir='ltr'>auxilium</span> <span class='ocrx_word' id='word_1_47' title='bbox 648 971 681 1022; x_wconf 92' lang='lat' dir='ltr'>et</span> <span class='ocrx_word' id='word_1_48' title='bbox 696 958 899 1022; x_wconf 91' lang='lat' dir='ltr'>clementiam</span> <span class='ocrx_word' id='word_1_49' title='bbox 914 958 1116 1043; x_wconf 85' lang='lat' dir='ltr'>implorabat.</span> <span class='ocrx_word' id='word_1_50' title='bbox 1163 959 1317 1024; x_wconf 88' lang='lat' dir='ltr'>“Sancte</span> 
     </span>
     <span class='ocr_line' id='line_1_8' title="bbox 169 1040 1316 1132; baseline 0.007 -29"><span class='ocrx_word' id='word_1_51' title='bbox 169 1040 382 1120; x_wconf 90' lang='lat' dir='ltr'>Cuthberte,’&#39;</span> <span class='ocrx_word' id='word_1_52' title='bbox 394 1045 551 1129; x_wconf 90' lang='lat' dir='ltr'>inquiens,</span> <span class='ocrx_word' id='word_1_53' title='bbox 571 1044 743 1132; x_wconf 88' lang='lat' dir='ltr'>“nunquid</span> <span class='ocrx_word' id='word_1_54' title='bbox 754 1067 819 1108; x_wconf 89' lang='lat' dir='ltr'>non</span> <span class='ocrx_word' id='word_1_55' title='bbox 830 1045 975 1130; x_wconf 81' lang='lat' dir='ltr'>hylarem</span> <span class='ocrx_word' id='word_1_56' title='bbox 987 1044 1103 1129; x_wconf 85' lang='lat' dir='ltr'>diligis,</span> <span class='ocrx_word' id='word_1_57' title='bbox 1117 1057 1150 1108; x_wconf 91' lang='lat' dir='ltr'>et</span> <span class='ocrx_word' id='word_1_58' title='bbox 1166 1068 1245 1131; x_wconf 89' lang='lat' dir='ltr'>quos</span> <span class='ocrx_word' id='word_1_59' title='bbox 1258 1047 1316 1113; x_wconf 89' lang='lat' dir='ltr'>tibi</span> 
     </span>
     <span class='ocr_line' id='line_1_9' title="bbox 165 1125 1316 1216; baseline 0.009 -28"><span class='ocrx_word' id='word_1_60' title='bbox 165 1125 284 1193; x_wconf 75' lang='lat' dir='ltr'>devote</span> <span class='ocrx_word' id='word_1_61' title='bbox 299 1129 419 1194; x_wconf 89' lang='lat' dir='ltr'>servire</span> <span class='ocrx_word' id='word_1_62' title='bbox 434 1131 618 1215; x_wconf 89' lang='lat' dir='ltr'>probaveris</span> <span class='ocrx_word' id='word_1_63' title='bbox 636 1131 721 1196; x_wconf 88' lang='lat' dir='ltr'>fame</span> <span class='ocrx_word' id='word_1_64' title='bbox 748 1131 895 1216; x_wconf 88' lang='lat' dir='ltr'>deperire</span> <span class='ocrx_word' id='word_1_65' title='bbox 920 1130 1052 1194; x_wconf 91' lang='lat' dir='ltr'>omnino</span> <span class='ocrx_word' id='word_1_66' title='bbox 1077 1154 1143 1196; x_wconf 94' lang='lat' dir='ltr'>non</span> <span class='ocrx_word' id='word_1_67' title='bbox 1168 1134 1316 1216; x_wconf 81' lang='lat' dir='ltr'>pateris?</span> 
     </span>
     <span class='ocr_line' id='line_1_10' title="bbox 167 1212 1316 1301; baseline 0.007 -26"><span class='ocrx_word' id='word_1_68' title='bbox 167 1212 232 1275; x_wconf 89' lang='lat' dir='ltr'>Tui</span> <span class='ocrx_word' id='word_1_69' title='bbox 248 1216 344 1279; x_wconf 91' lang='lat' dir='ltr'>solius</span> <span class='ocrx_word' id='word_1_70' title='bbox 360 1217 421 1281; x_wconf 91' lang='lat' dir='ltr'>hoc</span> <span class='ocrx_word' id='word_1_71' title='bbox 437 1240 516 1301; x_wconf 93' lang='lat' dir='ltr'>opus</span> <span class='ocrx_word' id='word_1_72' title='bbox 532 1231 581 1282; x_wconf 90' lang='lat' dir='ltr'>est</span> <span class='ocrx_word' id='word_1_73' title='bbox 596 1218 736 1282; x_wconf 88' lang='lat' dir='ltr'>muneris</span> <span class='ocrx_word' id='word_1_74' title='bbox 762 1230 799 1281; x_wconf 92' lang='lat' dir='ltr'>ut</span> <span class='ocrx_word' id='word_1_75' title='bbox 814 1218 855 1282; x_wconf 92' lang='lat' dir='ltr'>de</span> <span class='ocrx_word' id='word_1_76' title='bbox 871 1217 989 1282; x_wconf 91' lang='lat' dir='ltr'>nichilo</span> <span class='ocrx_word' id='word_1_77' title='bbox 1005 1217 1113 1282; x_wconf 91' lang='lat' dir='ltr'>omnia</span> <span class='ocrx_word' id='word_1_78' title='bbox 1127 1218 1316 1284; x_wconf 90' lang='lat' dir='ltr'>habundan-</span> 
     </span>
     <span class='ocr_line' id='line_1_11' title="bbox 165 1299 1315 1390; baseline 0.007 -28"><span class='ocrx_word' id='word_1_79' title='bbox 165 1299 228 1362; x_wconf 90' lang='lat' dir='ltr'>tius</span> <span class='ocrx_word' id='word_1_80' title='bbox 243 1302 398 1386; x_wconf 86' lang='lat' dir='ltr'>largiaris.</span> <span class='ocrx_word' id='word_1_81' title='bbox 447 1305 576 1389; x_wconf 82' lang='lat' dir='ltr'>Quippe</span> <span class='ocrx_word' id='word_1_82' title='bbox 600 1305 647 1369; x_wconf 93' lang='lat' dir='ltr'>tui</span> <span class='ocrx_word' id='word_1_83' title='bbox 670 1305 834 1390; x_wconf 91' lang='lat' dir='ltr'>proprium</span> <span class='ocrx_word' id='word_1_84' title='bbox 849 1317 909 1382; x_wconf 89' lang='lat' dir='ltr'>est,</span> <span class='ocrx_word' id='word_1_85' title='bbox 926 1304 967 1368; x_wconf 92' lang='lat' dir='ltr'>de</span> <span class='ocrx_word' id='word_1_86' title='bbox 983 1305 1070 1369; x_wconf 70' lang='lat' dir='ltr'>nulla</span> <span class='ocrx_word' id='word_1_87' title='bbox 1084 1306 1219 1370; x_wconf 71' lang='lat' dir='ltr'>materid</span> <span class='ocrx_word' id='word_1_88' title='bbox 1232 1329 1315 1390; x_wconf 86' lang='lat' dir='ltr'>prae-</span> 
     </span>
     <span class='ocr_line' id='line_1_12' title="bbox 157 1386 1315 1477; baseline 0.008 -28"><span class='ocrx_word' id='word_1_89' title='bbox 157 1386 281 1470; x_wconf 88' lang='lat' dir='ltr'>jacenti</span> <span class='ocrx_word' id='word_1_90' title='bbox 297 1391 403 1454; x_wconf 89' lang='lat' dir='ltr'>omnia</span> <span class='ocrx_word' id='word_1_91' title='bbox 418 1391 612 1456; x_wconf 87' lang='lat' dir='ltr'>sufficienter</span> <span class='ocrx_word' id='word_1_92' title='bbox 627 1392 829 1469; x_wconf 88' lang='lat' dir='ltr'>distribuere,</span> <span class='ocrx_word' id='word_1_93' title='bbox 853 1391 935 1456; x_wconf 92' lang='lat' dir='ltr'>sicut</span> <span class='ocrx_word' id='word_1_94' title='bbox 961 1389 1140 1456; x_wconf 91' lang='lat' dir='ltr'>accidentia</span> <span class='ocrx_word' id='word_1_95' title='bbox 1154 1393 1315 1477; x_wconf 90' lang='lat' dir='ltr'>prodeunt</span> 
     </span>
     <span class='ocr_line' id='line_1_13' title="bbox 163 1477 1315 1564; baseline 0.006 -28"><span class='ocrx_word' id='word_1_96' title='bbox 163 1495 207 1536; x_wconf 91' lang='lat' dir='ltr'>ex</span> <span class='ocrx_word' id='word_1_97' title='bbox 222 1477 411 1560; x_wconf 89' lang='lat' dir='ltr'>subjacenti.</span> <span class='ocrx_word' id='word_1_98' title='bbox 458 1478 545 1542; x_wconf 92' lang='lat' dir='ltr'>Nam</span> <span class='ocrx_word' id='word_1_99' title='bbox 567 1501 626 1563; x_wconf 94' lang='lat' dir='ltr'>pro</span> <span class='ocrx_word' id='word_1_100' title='bbox 641 1479 775 1543; x_wconf 69' lang='lat' dir='ltr'>materia</span> <span class='ocrx_word' id='word_1_101' title='bbox 789 1477 958 1542; x_wconf 88' lang='lat' dir='ltr'>sufficienti</span> <span class='ocrx_word' id='word_1_102' title='bbox 981 1491 1015 1543; x_wconf 87' lang='lat' dir='ltr'>et</span> <span class='ocrx_word' id='word_1_103' title='bbox 1037 1479 1182 1563; x_wconf 71' lang='lat' dir='ltr'>subjecta</span> <span class='ocrx_word' id='word_1_104' title='bbox 1203 1479 1315 1564; x_wconf 79' lang='lat' dir='ltr'>digna·</span> 
     </span>
     <span class='ocr_line' id='line_1_14' title="bbox 163 1560 1314 1651; baseline 0.008 -28"><span class='ocrx_word' id='word_1_105' title='bbox 163 1560 258 1625; x_wconf 91' lang='lat' dir='ltr'>tionis</span> <span class='ocrx_word' id='word_1_106' title='bbox 283 1577 349 1627; x_wconf 85' lang='lat' dir='ltr'>tuae</span> <span class='ocrx_word' id='word_1_107' title='bbox 373 1578 406 1628; x_wconf 90' lang='lat' dir='ltr'>et</span> <span class='ocrx_word' id='word_1_108' title='bbox 431 1565 557 1628; x_wconf 89' lang='lat' dir='ltr'>virtutis</span> <span class='ocrx_word' id='word_1_109' title='bbox 583 1567 811 1651; x_wconf 88' lang='lat' dir='ltr'>comprobatur</span> <span class='ocrx_word' id='word_1_110' title='bbox 838 1564 908 1629; x_wconf 84' lang='lat' dir='ltr'>sore</span> <span class='ocrx_word' id='word_1_111' title='bbox 934 1565 1082 1630; x_wconf 89' lang='lat' dir='ltr'>efficatia.</span> <span class='ocrx_word' id='word_1_112' title='bbox 1130 1565 1207 1630; x_wconf 92' lang='lat' dir='ltr'>Non</span> <span class='ocrx_word' id='word_1_113' title='bbox 1227 1567 1314 1632; x_wconf 91' lang='lat' dir='ltr'>enim</span> 
     </span>
     <span class='ocr_line' id='line_1_15' title="bbox 162 1651 1315 1736; baseline 0.005 -26"><span class='ocrx_word' id='word_1_114' title='bbox 162 1659 289 1712; x_wconf 90' lang='lat' dir='ltr'>tantum</span> <span class='ocrx_word' id='word_1_115' title='bbox 303 1651 434 1736; x_wconf 90' lang='lat' dir='ltr'>poteris,</span> <span class='ocrx_word' id='word_1_116' title='bbox 452 1674 525 1716; x_wconf 91' lang='lat' dir='ltr'>cum</span> <span class='ocrx_word' id='word_1_117' title='bbox 540 1653 690 1730; x_wconf 87' lang='lat' dir='ltr'>volueris,</span> <span class='ocrx_word' id='word_1_118' title='bbox 706 1651 841 1716; x_wconf 90' lang='lat' dir='ltr'>minimis</span> <span class='ocrx_word' id='word_1_119' title='bbox 851 1652 929 1716; x_wconf 91' lang='lat' dir='ltr'>dare</span> <span class='ocrx_word' id='word_1_120' title='bbox 939 1651 1209 1717; x_wconf 89' lang='lat' dir='ltr'>incrementorum</span> <span class='ocrx_word' id='word_1_121' title='bbox 1220 1652 1315 1718; x_wconf 91' lang='lat' dir='ltr'>inun-</span> 
     </span>
     <span class='ocr_line' id='line_1_16' title="bbox 161 1733 1314 1825; baseline 0.007 -29"><span class='ocrx_word' id='word_1_122' title='bbox 161 1733 315 1814; x_wconf 90' lang='lat' dir='ltr'>dantiam,</span> <span class='ocrx_word' id='word_1_123' title='bbox 332 1739 410 1825; x_wconf 92' lang='lat' dir='ltr'>quin</span> <span class='ocrx_word' id='word_1_124' title='bbox 424 1741 522 1802; x_wconf 92' lang='lat' dir='ltr'>immo</span> <span class='ocrx_word' id='word_1_125' title='bbox 545 1739 586 1804; x_wconf 93' lang='lat' dir='ltr'>de</span> <span class='ocrx_word' id='word_1_126' title='bbox 602 1740 696 1802; x_wconf 90' lang='lat' dir='ltr'>nullis</span> <span class='ocrx_word' id='word_1_127' title='bbox 715 1739 858 1804; x_wconf 89' lang='lat' dir='ltr'>omnium</span> <span class='ocrx_word' id='word_1_128' title='bbox 877 1740 1037 1803; x_wconf 91' lang='lat' dir='ltr'>bonorum</span> <span class='ocrx_word' id='word_1_129' title='bbox 1059 1751 1213 1824; x_wconf 86' lang='lat' dir='ltr'>praestare</span> <span class='ocrx_word' id='word_1_130' title='bbox 1228 1740 1314 1804; x_wconf 88' lang='lat' dir='ltr'>suffi-</span> 
     </span>
     <span class='ocr_line' id='line_1_17' title="bbox 161 1820 1312 1911; baseline 0.006 -28"><span class='ocrx_word' id='word_1_131' title='bbox 161 1820 323 1887; x_wconf 86' lang='lat' dir='ltr'>cientiam.</span> <span class='ocrx_word' id='word_1_132' title='bbox 371 1825 466 1890; x_wconf 92' lang='lat' dir='ltr'>Nunc</span> <span class='ocrx_word' id='word_1_133' title='bbox 482 1850 562 1910; x_wconf 90' lang='lat' dir='ltr'>ergo</span> <span class='ocrx_word' id='word_1_134' title='bbox 577 1839 703 1911; x_wconf 90' lang='lat' dir='ltr'>tempus</span> <span class='ocrx_word' id='word_1_135' title='bbox 719 1838 767 1890; x_wconf 91' lang='lat' dir='ltr'>est</span> <span class='ocrx_word' id='word_1_136' title='bbox 791 1837 849 1889; x_wconf 94' lang='lat' dir='ltr'>tuo</span> <span class='ocrx_word' id='word_1_137' title='bbox 876 1838 909 1889; x_wconf 90' lang='lat' dir='ltr'>te</span> <span class='ocrx_word' id='word_1_138' title='bbox 933 1826 1055 1889; x_wconf 90' lang='lat' dir='ltr'>nomini</span> <span class='ocrx_word' id='word_1_139' title='bbox 1081 1826 1158 1889; x_wconf 91' lang='lat' dir='ltr'>dare</span> <span class='ocrx_word' id='word_1_140' title='bbox 1185 1825 1312 1890; x_wconf 89' lang='lat' dir='ltr'>virtutis</span> 
     </span>
     <span class='ocr_line' id='line_1_18' title="bbox 161 1907 1313 1998; baseline 0.007 -29"><span class='ocrx_word' id='word_1_141' title='bbox 161 1907 318 1975; x_wconf 92' lang='lat' dir='ltr'>honorem</span> <span class='ocrx_word' id='word_1_142' title='bbox 333 1925 367 1975; x_wconf 89' lang='lat' dir='ltr'>et</span> <span class='ocrx_word' id='word_1_143' title='bbox 378 1914 524 1996; x_wconf 87' lang='lat' dir='ltr'>gloriam,</span> <span class='ocrx_word' id='word_1_144' title='bbox 538 1930 571 1977; x_wconf 88' lang='lat' dir='ltr'>et</span> <span class='ocrx_word' id='word_1_145' title='bbox 583 1935 701 1996; x_wconf 89' lang='lat' dir='ltr'>panum</span> <span class='ocrx_word' id='word_1_146' title='bbox 712 1913 754 1977; x_wconf 89' lang='lat' dir='ltr'>de</span> <span class='ocrx_word' id='word_1_147' title='bbox 766 1912 895 1990; x_wconf 90' lang='lat' dir='ltr'>nichilo,</span> <span class='ocrx_word' id='word_1_148' title='bbox 908 1911 1144 1977; x_wconf 89' lang='lat' dir='ltr'>benedictionis</span> <span class='ocrx_word' id='word_1_149' title='bbox 1156 1925 1221 1977; x_wconf 85' lang='lat' dir='ltr'>tuae</span> <span class='ocrx_word' id='word_1_150' title='bbox 1233 1936 1313 1998; x_wconf 87' lang='lat' dir='ltr'>aug·</span> 
     </span>
     <span class='ocr_line' id='line_1_19' title="bbox 160 1999 1313 2086; baseline 0.007 -28"><span class='ocrx_word' id='word_1_151' title='bbox 160 2009 283 2074; x_wconf 91' lang='lat' dir='ltr'>mento,</span> <span class='ocrx_word' id='word_1_152' title='bbox 299 2016 452 2082; x_wconf 87' lang='lat' dir='ltr'>praestare</span> <span class='ocrx_word' id='word_1_153' title='bbox 468 1999 732 2064; x_wconf 86' lang='lat' dir='ltr'>habundantiam.</span> <span class='ocrx_word' id='word_1_154' title='bbox 778 2000 960 2064; x_wconf 91' lang='lat' dir='ltr'>Dexteram</span> <span class='ocrx_word' id='word_1_155' title='bbox 971 2000 1081 2086; x_wconf 86' lang='lat' dir='ltr'>itaque</span> <span class='ocrx_word' id='word_1_156' title='bbox 1097 1999 1200 2063; x_wconf 84' lang='lat' dir='ltr'>solitae</span> <span class='ocrx_word' id='word_1_157' title='bbox 1211 2001 1313 2066; x_wconf 88' lang='lat' dir='ltr'>bene-</span> 
     </span>
     <span class='ocr_line' id='line_1_20' title="bbox 159 2080 1314 2173; baseline 0.007 -29"><span class='ocrx_word' id='word_1_158' title='bbox 159 2080 310 2148; x_wconf 90' lang='lat' dir='ltr'>dictionis</span> <span class='ocrx_word' id='word_1_159' title='bbox 325 2086 477 2162; x_wconf 88' lang='lat' dir='ltr'>extende,</span> <span class='ocrx_word' id='word_1_160' title='bbox 495 2099 528 2150; x_wconf 88' lang='lat' dir='ltr'>et</span> <span class='ocrx_word' id='word_1_161' title='bbox 543 2088 650 2149; x_wconf 89' lang='lat' dir='ltr'>omnia</span> <span class='ocrx_word' id='word_1_162' title='bbox 665 2087 769 2163; x_wconf 92' lang='lat' dir='ltr'>nobis,</span> <span class='ocrx_word' id='word_1_163' title='bbox 785 2099 818 2151; x_wconf 89' lang='lat' dir='ltr'>te</span> <span class='ocrx_word' id='word_1_164' title='bbox 834 2087 986 2164; x_wconf 88' lang='lat' dir='ltr'>donante,</span> <span class='ocrx_word' id='word_1_165' title='bbox 998 2087 1200 2170; x_wconf 88' lang='lat' dir='ltr'>provenient,</span> <span class='ocrx_word' id='word_1_166' title='bbox 1216 2109 1314 2173; x_wconf 89' lang='lat' dir='ltr'>supra</span> 
     </span>
     <span class='ocr_line' id='line_1_21' title="bbox 159 2172 1312 2258; baseline 0.005 -26"><span class='ocrx_word' id='word_1_167' title='bbox 159 2182 279 2233; x_wconf 86' lang='lat' dir='ltr'>nostrae</span> <span class='ocrx_word' id='word_1_168' title='bbox 293 2193 475 2237; x_wconf 88' lang='lat' dir='ltr'>mensuram</span> <span class='ocrx_word' id='word_1_169' title='bbox 490 2175 617 2257; x_wconf 77' lang='lat' dir='ltr'>inopiae,</span> <span class='ocrx_word' id='word_1_170' title='bbox 635 2172 722 2238; x_wconf 91' lang='lat' dir='ltr'>dicto</span> <span class='ocrx_word' id='word_1_171' title='bbox 747 2173 840 2238; x_wconf 90' lang='lat' dir='ltr'>citius</span> <span class='ocrx_word' id='word_1_172' title='bbox 862 2186 896 2236; x_wconf 91' lang='lat' dir='ltr'>et</span> <span class='ocrx_word' id='word_1_173' title='bbox 911 2173 1091 2238; x_wconf 63' lang='lat' dir='ltr'>habundel’</span> <span class='ocrx_word' id='word_1_174' title='bbox 1140 2172 1198 2236; x_wconf 91' lang='lat' dir='ltr'>Vir</span> <span class='ocrx_word' id='word_1_175' title='bbox 1212 2176 1312 2258; x_wconf 90' lang='lat' dir='ltr'>igitur</span> 
     </span>
     <span class='ocr_line' id='line_1_22' title="bbox 161 2258 1312 2346; baseline 0.01 -30"><span class='ocrx_word' id='word_1_176' title='bbox 161 2258 360 2321; x_wconf 90' lang='lat' dir='ltr'>venerandus</span> <span class='ocrx_word' id='word_1_177' title='bbox 376 2260 561 2343; x_wconf 70' lang='lat' dir='ltr'>impetrasse</span> <span class='ocrx_word' id='word_1_178' title='bbox 577 2282 610 2324; x_wconf 90' lang='lat' dir='ltr'>se</span> <span class='ocrx_word' id='word_1_179' title='bbox 626 2262 767 2323; x_wconf 90' lang='lat' dir='ltr'>sentiens</span> <span class='ocrx_word' id='word_1_180' title='bbox 782 2260 815 2323; x_wconf 91' lang='lat' dir='ltr'>in</span> <span class='ocrx_word' id='word_1_181' title='bbox 829 2259 942 2345; x_wconf 84' lang='lat' dir='ltr'>spiritu</span> <span class='ocrx_word' id='word_1_182' title='bbox 953 2259 1041 2346; x_wconf 84' lang='lat' dir='ltr'>quod</span> <span class='ocrx_word' id='word_1_183' title='bbox 1056 2274 1237 2344; x_wconf 87' lang='lat' dir='ltr'>rogaverat,</span> <span class='ocrx_word' id='word_1_184' title='bbox 1254 2261 1312 2327; x_wconf 84' lang='lat' dir='ltr'>da·</span> 
     </span>
     <span class='ocr_line' id='line_1_23' title="bbox 160 2341 1311 2432; baseline 0.007 -28"><span class='ocrx_word' id='word_1_185' title='bbox 160 2341 264 2425; x_wconf 87' lang='lat' dir='ltr'>pisero</span> <span class='ocrx_word' id='word_1_186' title='bbox 280 2345 380 2408; x_wconf 93' lang='lat' dir='ltr'>tercio</span> <span class='ocrx_word' id='word_1_187' title='bbox 396 2348 550 2431; x_wconf 88' lang='lat' dir='ltr'>praecepit</span> <span class='ocrx_word' id='word_1_188' title='bbox 565 2350 598 2409; x_wconf 92' lang='lat' dir='ltr'>in</span> <span class='ocrx_word' id='word_1_189' title='bbox 609 2349 739 2410; x_wconf 90' lang='lat' dir='ltr'>nomine</span> <span class='ocrx_word' id='word_1_190' title='bbox 756 2347 850 2411; x_wconf 89' lang='lat' dir='ltr'>Beati</span> <span class='ocrx_word' id='word_1_191' title='bbox 868 2345 1041 2412; x_wconf 91' lang='lat' dir='ltr'>Cuthberti</span> <span class='ocrx_word' id='word_1_192' title='bbox 1056 2369 1152 2432; x_wconf 91' lang='lat' dir='ltr'>super</span> <span class='ocrx_word' id='word_1_193' title='bbox 1167 2347 1311 2431; x_wconf 89' lang='lat' dir='ltr'>tegulam</span> 
     </span>
     <span class='ocr_line' id='line_1_24' title="bbox 160 2429 1310 2518; baseline 0.007 -27"><span class='ocrx_word' id='word_1_194' title='bbox 160 2429 348 2496; x_wconf 86' lang='lat' dir='ltr'>festinanter</span> <span class='ocrx_word' id='word_1_195' title='bbox 363 2434 548 2511; x_wconf 91' lang='lat' dir='ltr'>ascendere,</span> <span class='ocrx_word' id='word_1_196' title='bbox 565 2446 599 2497; x_wconf 90' lang='lat' dir='ltr'>et</span> <span class='ocrx_word' id='word_1_197' title='bbox 621 2455 719 2518; x_wconf 88' lang='lat' dir='ltr'>panes</span> <span class='ocrx_word' id='word_1_198' title='bbox 741 2433 919 2518; x_wconf 90' lang='lat' dir='ltr'>hospitibus</span> <span class='ocrx_word' id='word_1_199' title='bbox 946 2433 1040 2497; x_wconf 89' lang='lat' dir='ltr'>Beati</span> <span class='ocrx_word' id='word_1_200' title='bbox 1058 2433 1231 2499; x_wconf 84' lang='lat' dir='ltr'>Cuthberti</span> <span class='ocrx_word' id='word_1_201' title='bbox 1253 2435 1310 2499; x_wconf 91' lang='lat' dir='ltr'>ha-</span> 
     </span>
     <span class='ocr_line' id='line_1_25' title="bbox 159 2516 1311 2606; baseline 0.007 -28"><span class='ocrx_word' id='word_1_202' title='bbox 159 2516 354 2584; x_wconf 91' lang='lat' dir='ltr'>bundantius</span> <span class='ocrx_word' id='word_1_203' title='bbox 370 2520 622 2584; x_wconf 89' lang='lat' dir='ltr'>administrando</span> <span class='ocrx_word' id='word_1_204' title='bbox 643 2520 835 2604; x_wconf 86' lang='lat' dir='ltr'>producere.</span> <span class='ocrx_word' id='word_1_205' title='bbox 882 2520 1009 2604; x_wconf 86' lang='lat' dir='ltr'>Tegula</span> <span class='ocrx_word' id='word_1_206' title='bbox 1031 2520 1189 2606; x_wconf 87' lang='lat' dir='ltr'>siquidem</span> <span class='ocrx_word' id='word_1_207' title='bbox 1212 2523 1311 2586; x_wconf 89' lang='lat' dir='ltr'>trabi-</span> 
     </span>
     <span class='ocr_line' id='line_1_26' title="bbox 159 2603 1310 2693; baseline 0.005 -28"><span class='ocrx_word' id='word_1_208' title='bbox 159 2603 219 2666; x_wconf 92' lang='lat' dir='ltr'>bus</span> <span class='ocrx_word' id='word_1_209' title='bbox 235 2606 355 2670; x_wconf 87' lang='lat' dir='ltr'>cellarii</span> <span class='ocrx_word' id='word_1_210' title='bbox 370 2607 571 2693; x_wconf 88' lang='lat' dir='ltr'>superposita</span> <span class='ocrx_word' id='word_1_211' title='bbox 584 2606 701 2684; x_wconf 87' lang='lat' dir='ltr'>fuerat,</span> <span class='ocrx_word' id='word_1_212' title='bbox 718 2630 791 2693; x_wconf 88' lang='lat' dir='ltr'>quae</span> <span class='ocrx_word' id='word_1_213' title='bbox 815 2629 914 2691; x_wconf 82' lang='lat' dir='ltr'>panes</span> <span class='ocrx_word' id='word_1_214' title='bbox 938 2608 1095 2671; x_wconf 87' lang='lat' dir='ltr'>sustinere</span> <span class='ocrx_word' id='word_1_215' title='bbox 1119 2619 1216 2671; x_wconf 89' lang='lat' dir='ltr'>antea</span> <span class='ocrx_word' id='word_1_216' title='bbox 1239 2608 1310 2671; x_wconf 93' lang='lat' dir='ltr'>diu-</span> 
     </span>
     <span class='ocr_line' id='line_1_27' title="bbox 160 2689 1309 2782; baseline 0.005 -29"><span class='ocrx_word' id='word_1_217' title='bbox 160 2689 222 2753; x_wconf 87' lang='lat' dir='ltr'>tius</span> <span class='ocrx_word' id='word_1_218' title='bbox 238 2693 332 2758; x_wconf 84' lang='lat' dir='ltr'>solita</span> <span class='ocrx_word' id='word_1_219' title='bbox 347 2708 438 2771; x_wconf 83' lang='lat' dir='ltr'>erat3</span> <span class='ocrx_word' id='word_1_220' title='bbox 454 2697 530 2782; x_wconf 90' lang='lat' dir='ltr'>quia</span> <span class='ocrx_word' id='word_1_221' title='bbox 543 2693 678 2778; x_wconf 90' lang='lat' dir='ltr'>panibus</span> <span class='ocrx_word' id='word_1_222' title='bbox 694 2693 765 2757; x_wconf 87' lang='lat' dir='ltr'>talis</span> <span class='ocrx_word' id='word_1_223' title='bbox 775 2693 922 2757; x_wconf 92' lang='lat' dir='ltr'>custodia</span> <span class='ocrx_word' id='word_1_224' title='bbox 935 2693 1107 2757; x_wconf 87' lang='lat' dir='ltr'>mundiciae</span> <span class='ocrx_word' id='word_1_225' title='bbox 1123 2693 1309 2778; x_wconf 87' lang='lat' dir='ltr'>integritate</span> 
     </span>
     <span class='ocr_line' id='line_1_28' title="bbox 159 2780 1307 2868; baseline 0.005 -29"><span class='ocrx_word' id='word_1_226' title='bbox 159 2781 275 2857; x_wconf 88' lang='lat' dir='ltr'>tenuit,</span> <span class='ocrx_word' id='word_1_227' title='bbox 293 2794 326 2844; x_wconf 91' lang='lat' dir='ltr'>et</span> <span class='ocrx_word' id='word_1_228' title='bbox 341 2782 479 2868; x_wconf 89' lang='lat' dir='ltr'>reliquas</span> <span class='ocrx_word' id='word_1_229' title='bbox 495 2781 609 2845; x_wconf 76' lang='lat' dir='ltr'>domins</span> <span class='ocrx_word' id='word_1_230' title='bbox 635 2780 732 2864; x_wconf 91' lang='lat' dir='ltr'>ipsius</span> <span class='ocrx_word' id='word_1_231' title='bbox 757 2783 918 2864; x_wconf 84' lang='lat' dir='ltr'>angustias</span> <span class='ocrx_word' id='word_1_232' title='bbox 942 2780 1126 2864; x_wconf 89' lang='lat' dir='ltr'>ampliando</span> <span class='ocrx_word' id='word_1_233' title='bbox 1150 2780 1307 2845; x_wconf 85' lang='lat' dir='ltr'>dilatavit.</span> 
     </span>
     <span class='ocr_line' id='line_1_29' title="bbox 161 2862 1309 2951; baseline 0.004 -25"><span class='ocrx_word' id='word_1_234' title='bbox 161 2862 306 2949; x_wconf 87' lang='lat' dir='ltr'>Dapifer,</span> <span class='ocrx_word' id='word_1_235' title='bbox 323 2867 420 2932; x_wconf 89' lang='lat' dir='ltr'>nichil</span> <span class='ocrx_word' id='word_1_236' title='bbox 435 2870 480 2932; x_wconf 95' lang='lat' dir='ltr'>ibi</span> <span class='ocrx_word' id='word_1_237' title='bbox 494 2867 580 2951; x_wconf 91' lang='lat' dir='ltr'>prius</span> <span class='ocrx_word' id='word_1_238' title='bbox 596 2866 693 2931; x_wconf 83' lang='lat' dir='ltr'>fuisse</span> <span class='ocrx_word' id='word_1_239' title='bbox 708 2890 914 2951; x_wconf 88' lang='lat' dir='ltr'>cognoscens,</span> <span class='ocrx_word' id='word_1_240' title='bbox 928 2889 1024 2951; x_wconf 89' lang='lat' dir='ltr'>super</span> <span class='ocrx_word' id='word_1_241' title='bbox 1041 2866 1175 2930; x_wconf 90' lang='lat' dir='ltr'>Domini</span> <span class='ocrx_word' id='word_1_242' title='bbox 1189 2868 1238 2931; x_wconf 91' lang='lat' dir='ltr'>sui</span> <span class='ocrx_word' id='word_1_243' title='bbox 1255 2890 1309 2931; x_wconf 93' lang='lat' dir='ltr'>ve-</span> 
     </span>
     <span class='ocr_line' id='line_1_30' title="bbox 157 2949 1310 3038; baseline 0.004 -26"><span class='ocrx_word' id='word_1_244' title='bbox 157 2949 351 3017; x_wconf 88' lang='lat' dir='ltr'>hementiori</span> <span class='ocrx_word' id='word_1_245' title='bbox 366 2954 516 3019; x_wconf 69' lang='lat' dir='ltr'>instantia</span> <span class='ocrx_word' id='word_1_246' title='bbox 530 2969 564 3018; x_wconf 90' lang='lat' dir='ltr'>et</span> <span class='ocrx_word' id='word_1_247' title='bbox 578 2977 645 3017; x_wconf 88' lang='lat' dir='ltr'>suae</span> <span class='ocrx_word' id='word_1_248' title='bbox 661 2954 738 3017; x_wconf 89' lang='lat' dir='ltr'>fidei</span> <span class='ocrx_word' id='word_1_249' title='bbox 749 2953 973 3018; x_wconf 86' lang='lat' dir='ltr'>incredulitate</span> <span class='ocrx_word' id='word_1_250' title='bbox 982 2956 1033 3019; x_wconf 91' lang='lat' dir='ltr'>vel</span> <span class='ocrx_word' id='word_1_251' title='bbox 1043 2955 1180 3038; x_wconf 72' lang='lat' dir='ltr'>ignavia,</span> <span class='ocrx_word' id='word_1_252' title='bbox 1194 2954 1310 3018; x_wconf 91' lang='lat' dir='ltr'>arden·</span> 
     </span>
     <span class='ocr_line' id='line_1_31' title="bbox 158 3036 1309 3127; baseline 0.005 -29"><span class='ocrx_word' id='word_1_253' title='bbox 158 3036 233 3100; x_wconf 91' lang='lat' dir='ltr'>tiori</span> <span class='ocrx_word' id='word_1_254' title='bbox 247 3039 457 3105; x_wconf 86' lang='lat' dir='ltr'>haesitationis</span> <span class='ocrx_word' id='word_1_255' title='bbox 473 3040 621 3125; x_wconf 67' lang='lat' dir='ltr'>angustia</span> <span class='ocrx_word' id='word_1_256' title='bbox 635 3040 718 3112; x_wconf 87' lang='lat' dir='ltr'>intra</span> <span class='ocrx_word' id='word_1_257' title='bbox 733 3063 767 3103; x_wconf 93' lang='lat' dir='ltr'>se</span> <span class='ocrx_word' id='word_1_258' title='bbox 782 3040 965 3104; x_wconf 88' lang='lat' dir='ltr'>musitando</span> <span class='ocrx_word' id='word_1_259' title='bbox 980 3040 1187 3127; x_wconf 89' lang='lat' dir='ltr'>conqueritur</span> <span class='ocrx_word' id='word_1_260' title='bbox 1200 3064 1208 3116; x_wconf 85' lang='lat'><em>3</em></span> <span class='ocrx_word' id='word_1_261' title='bbox 1232 3040 1309 3126; x_wconf 91' lang='lat' dir='ltr'>quia</span> 
     </span>
     <span class='ocr_line' id='line_1_32' title="bbox 157 3123 1308 3212; baseline 0.007 -29"><span class='ocrx_word' id='word_1_262' title='bbox 157 3123 254 3188; x_wconf 92' lang='lat' dir='ltr'>nichil</span> <span class='ocrx_word' id='word_1_263' title='bbox 269 3124 313 3189; x_wconf 92' lang='lat' dir='ltr'>ibi</span> <span class='ocrx_word' id='word_1_264' title='bbox 329 3150 362 3190; x_wconf 91' lang='lat' dir='ltr'>se</span> <span class='ocrx_word' id='word_1_265' title='bbox 378 3128 582 3192; x_wconf 89' lang='lat' dir='ltr'>inventurum</span> <span class='ocrx_word' id='word_1_266' title='bbox 598 3126 786 3211; x_wconf 89' lang='lat' dir='ltr'>suspicatur.</span> <span class='ocrx_word' id='word_1_267' title='bbox 834 3127 960 3190; x_wconf 89' lang='lat' dir='ltr'>Tamen</span> <span class='ocrx_word' id='word_1_268' title='bbox 971 3127 1152 3212; x_wconf 89' lang='lat' dir='ltr'>compulsus</span> <span class='ocrx_word' id='word_1_269' title='bbox 1166 3127 1308 3211; x_wconf 85' lang='lat' dir='ltr'>tegulam</span> 
     </span>
     <span class='ocr_line' id='line_1_33' title="bbox 157 3211 1308 3300; baseline 0.004 -28"><span class='ocrx_word' id='word_1_270' title='bbox 157 3213 356 3290; x_wconf 90' lang='lat' dir='ltr'>conscendit,</span> <span class='ocrx_word' id='word_1_271' title='bbox 373 3226 407 3278; x_wconf 90' lang='lat' dir='ltr'>et</span> <span class='ocrx_word' id='word_1_272' title='bbox 421 3215 549 3297; x_wconf 88' lang='lat' dir='ltr'>plenam</span> <span class='ocrx_word' id='word_1_273' title='bbox 564 3211 683 3298; x_wconf 88' lang='lat' dir='ltr'>panum</span> <span class='ocrx_word' id='word_1_274' title='bbox 706 3212 929 3278; x_wconf 86' lang='lat' dir='ltr'>innumerabili</span> <span class='ocrx_word' id='word_1_275' title='bbox 943 3214 1122 3300; x_wconf 85' lang='lat' dir='ltr'>quantitate</span> <span class='ocrx_word' id='word_1_276' title='bbox 1146 3213 1234 3276; x_wconf 90' lang='lat' dir='ltr'>illam</span> <span class='ocrx_word' id='word_1_277' title='bbox 1257 3235 1308 3277; x_wconf 90' lang='lat' dir='ltr'>re·</span> 
     </span>
     <span class='ocr_line' id='line_1_34' title="bbox 156 3298 1307 3387; baseline 0.002 -26"><span class='ocrx_word' id='word_1_278' title='bbox 156 3298 252 3381; x_wconf 89' lang='lat' dir='ltr'>perit.</span> <span class='ocrx_word' id='word_1_279' title='bbox 306 3300 591 3387; x_wconf 89' lang='lat' dir='ltr'>Descendensque,</span> <span class='ocrx_word' id='word_1_280' title='bbox 616 3300 767 3384; x_wconf 88' lang='lat' dir='ltr'>projectis</span> <span class='ocrx_word' id='word_1_281' title='bbox 790 3300 925 3383; x_wconf 91' lang='lat' dir='ltr'>panibus</span> <span class='ocrx_word' id='word_1_282' title='bbox 956 3300 1096 3376; x_wconf 88' lang='lat' dir='ltr'>infinitis,</span> <span class='ocrx_word' id='word_1_283' title='bbox 1128 3311 1162 3363; x_wconf 92' lang='lat' dir='ltr'>et</span> <span class='ocrx_word' id='word_1_284' title='bbox 1191 3300 1307 3364; x_wconf 90' lang='lat' dir='ltr'>mensis</span> 
     </span>
     <span class='ocr_line' id='line_1_35' title="bbox 157 3381 1307 3470; baseline 0.003 -23"><span class='ocrx_word' id='word_1_285' title='bbox 157 3384 323 3449; x_wconf 89' lang='lat' dir='ltr'>edentium</span> <span class='ocrx_word' id='word_1_286' title='bbox 338 3381 499 3470; x_wconf 87' lang='lat' dir='ltr'>opposuit,</span> <span class='ocrx_word' id='word_1_287' title='bbox 516 3400 550 3450; x_wconf 91' lang='lat' dir='ltr'>et</span> <span class='ocrx_word' id='word_1_288' title='bbox 565 3386 811 3451; x_wconf 82' lang='lat' dir='ltr'>adventantibus</span> <span class='ocrx_word' id='word_1_289' title='bbox 830 3399 864 3450; x_wconf 90' lang='lat' dir='ltr'>et</span> <span class='ocrx_word' id='word_1_290' title='bbox 882 3386 1127 3450; x_wconf 89' lang='lat' dir='ltr'>succedentibus</span> <span class='ocrx_word' id='word_1_291' title='bbox 1146 3384 1214 3450; x_wconf 87' lang='lat' dir='ltr'>aliis</span> <span class='ocrx_word' id='word_1_292' title='bbox 1238 3387 1307 3450; x_wconf 69' lang='lat' dir='ltr'>tota</span> 
     </span>
     <span class='ocr_line' id='line_1_36' title="bbox 156 3471 1307 3559; baseline 0.003 -26"><span class='ocrx_word' id='word_1_293' title='bbox 156 3471 210 3535; x_wconf 92' lang='lat' dir='ltr'>die</span> <span class='ocrx_word' id='word_1_294' title='bbox 225 3495 323 3556; x_wconf 90' lang='lat' dir='ltr'>panes</span> <span class='ocrx_word' id='word_1_295' title='bbox 347 3474 542 3538; x_wconf 88' lang='lat' dir='ltr'>sufficienter</span> <span class='ocrx_word' id='word_1_296' title='bbox 568 3473 737 3548; x_wconf 92' lang='lat' dir='ltr'>exhibuit;</span> <span class='ocrx_word' id='word_1_297' title='bbox 761 3484 794 3536; x_wconf 91' lang='lat' dir='ltr'>et</span> <span class='ocrx_word' id='word_1_298' title='bbox 820 3495 984 3559; x_wconf 92' lang='lat' dir='ltr'>nunquam</span> <span class='ocrx_word' id='word_1_299' title='bbox 1007 3485 1115 3536; x_wconf 88' lang='lat' dir='ltr'>tamen</span> <span class='ocrx_word' id='word_1_300' title='bbox 1141 3471 1173 3534; x_wconf 94' lang='lat' dir='ltr'>in</span> <span class='ocrx_word' id='word_1_301' title='bbox 1197 3473 1307 3556; x_wconf 67' lang='lat' dir='ltr'>tegula</span> 
     </span>
     <span class='ocr_line' id='line_1_37' title="bbox 134 3558 1307 3644; baseline 0.002 -23"><span class='ocrx_word' id='word_1_302' title='bbox 134 3613 136 3615; x_wconf 63' lang='grc'><strong>,</strong></span> <span class='ocrx_word' id='word_1_303' title='bbox 156 3559 261 3623; x_wconf 93' lang='lat' dir='ltr'>minus</span> <span class='ocrx_word' id='word_1_304' title='bbox 277 3561 408 3625; x_wconf 89' lang='lat' dir='ltr'>invenit.</span> <span class='ocrx_word' id='word_1_305' title='bbox 456 3560 542 3624; x_wconf 66' lang='lat' dir='ltr'>Tota</span> <span class='ocrx_word' id='word_1_306' title='bbox 557 3561 655 3644; x_wconf 91' lang='lat' dir='ltr'>igitur</span> <span class='ocrx_word' id='word_1_307' title='bbox 670 3558 723 3622; x_wconf 89' lang='lat' dir='ltr'>die</span> <span class='ocrx_word' id='word_1_308' title='bbox 738 3559 807 3644; x_wconf 67' lang='lat' dir='ltr'>ipsa</span> <span class='ocrx_word' id='word_1_309' title='bbox 825 3559 920 3623; x_wconf 88' lang='lat' dir='ltr'>Beati</span> <span class='ocrx_word' id='word_1_310' title='bbox 945 3558 1117 3625; x_wconf 90' lang='lat' dir='ltr'>Cuthberti</span> <span class='ocrx_word' id='word_1_311' title='bbox 1140 3558 1181 3622; x_wconf 90' lang='lat' dir='ltr'>de</span> <span class='ocrx_word' id='word_1_312' title='bbox 1197 3559 1307 3643; x_wconf 68' lang='lat' dir='ltr'>tegula</span> 
     </span>
     <span class='ocr_line' id='line_1_38' title="bbox 155 3645 1304 3732; baseline 0.001 -24"><span class='ocrx_word' id='word_1_313' title='bbox 155 3667 255 3729; x_wconf 90' lang='lat' dir='ltr'>panes</span> <span class='ocrx_word' id='word_1_314' title='bbox 278 3649 424 3732; x_wconf 90' lang='lat' dir='ltr'>protulit,</span> <span class='ocrx_word' id='word_1_315' title='bbox 448 3659 482 3712; x_wconf 90' lang='lat' dir='ltr'>et</span> <span class='ocrx_word' id='word_1_316' title='bbox 505 3669 631 3732; x_wconf 88' lang='lat' dir='ltr'>semper</span> <span class='ocrx_word' id='word_1_317' title='bbox 654 3658 762 3709; x_wconf 88' lang='lat' dir='ltr'>tamen</span> <span class='ocrx_word' id='word_1_318' title='bbox 784 3646 923 3729; x_wconf 87' lang='lat' dir='ltr'>plenam,</span> <span class='ocrx_word' id='word_1_319' title='bbox 946 3645 1152 3722; x_wconf 87' lang='lat' dir='ltr'>recurrendo,</span> <span class='ocrx_word' id='word_1_320' title='bbox 1170 3647 1304 3709; x_wconf 91' lang='lat' dir='ltr'>invenit.</span> 
     </span>
     <span class='ocr_line' id='line_1_39' title="bbox 160 3733 1307 3819; baseline -0.001 -22"><span class='ocrx_word' id='word_1_321' title='bbox 160 3733 317 3799; x_wconf 89' lang='lat' dir='ltr'>Omnibus</span> <span class='ocrx_word' id='word_1_322' title='bbox 336 3736 531 3819; x_wconf 87' lang='lat' dir='ltr'>praestabant</span> <span class='ocrx_word' id='word_1_323' title='bbox 546 3734 768 3797; x_wconf 89' lang='lat' dir='ltr'>sufficientiam</span> <span class='ocrx_word' id='word_1_324' title='bbox 793 3733 836 3796; x_wconf 88' lang='lat' dir='ltr'>ad</span> <span class='ocrx_word' id='word_1_325' title='bbox 851 3733 1063 3811; x_wconf 88' lang='lat' dir='ltr'>saturitatem,</span> <span class='ocrx_word' id='word_1_326' title='bbox 1079 3754 1242 3818; x_wconf 90' lang='lat' dir='ltr'>nunquam</span> <span class='ocrx_word' id='word_1_327' title='bbox 1258 3744 1307 3796; x_wconf 89' lang='lat' dir='ltr'>ta·</span> 
     </span>
     <span class='ocr_line' id='line_1_40' title="bbox 155 3817 1306 3905; baseline 0 -22"><span class='ocrx_word' id='word_1_328' title='bbox 155 3841 231 3884; x_wconf 90' lang='lat' dir='ltr'>men</span> <span class='ocrx_word' id='word_1_329' title='bbox 247 3845 313 3886; x_wconf 88' lang='lat' dir='ltr'>suae</span> <span class='ocrx_word' id='word_1_330' title='bbox 329 3822 543 3885; x_wconf 89' lang='lat' dir='ltr'>diminuerant</span> <span class='ocrx_word' id='word_1_331' title='bbox 569 3819 774 3905; x_wconf 89' lang='lat' dir='ltr'>perfectionis</span> <span class='ocrx_word' id='word_1_332' title='bbox 797 3823 1071 3884; x_wconf 88' lang='lat' dir='ltr'>numerositatem.</span> <span class='ocrx_word' id='word_1_333' title='bbox 1118 3817 1195 3883; x_wconf 91' lang='lat' dir='ltr'>Non</span> <span class='ocrx_word' id='word_1_334' title='bbox 1219 3819 1306 3883; x_wconf 89' lang='lat' dir='ltr'>enim</span> 
     </span>
     <span class='ocr_line' id='line_1_41' title="bbox 155 3907 1304 3992; baseline 0 -22"><span class='ocrx_word' id='word_1_335' title='bbox 155 3919 282 3972; x_wconf 86' lang='lat' dir='ltr'>tantum</span> <span class='ocrx_word' id='word_1_336' title='bbox 292 3933 398 3974; x_wconf 87' lang='lat' dir='ltr'>aream</span> <span class='ocrx_word' id='word_1_337' title='bbox 415 3908 533 3992; x_wconf 86' lang='lat' dir='ltr'>tegulae</span> <span class='ocrx_word' id='word_1_338' title='bbox 545 3918 789 3992; x_wconf 89' lang='lat' dir='ltr'>cooperuerant,</span> <span class='ocrx_word' id='word_1_339' title='bbox 801 3907 967 3970; x_wconf 90' lang='lat' dir='ltr'>sedetiam</span> <span class='ocrx_word' id='word_1_340' title='bbox 980 3909 1012 3969; x_wconf 94' lang='lat' dir='ltr'>in</span> <span class='ocrx_word' id='word_1_341' title='bbox 1023 3928 1147 3970; x_wconf 91' lang='lat' dir='ltr'>morem</span> <span class='ocrx_word' id='word_1_342' title='bbox 1162 3918 1304 3990; x_wconf 82' lang='lat' dir='ltr'>aggestae</span> 
     </span>
     <span class='ocr_line' id='line_1_42' title="bbox 154 3993 1305 4078; baseline 0.002 -20"><span class='ocrx_word' id='word_1_343' title='bbox 154 3994 319 4078; x_wconf 90' lang='lat' dir='ltr'>piramidis</span> <span class='ocrx_word' id='word_1_344' title='bbox 335 3996 575 4062; x_wconf 87' lang='lat' dir='ltr'>excrescebant.</span> <span class='ocrx_word' id='word_1_345' title='bbox 624 3993 759 4056; x_wconf 87' lang='lat' dir='ltr'>Videres</span> <span class='ocrx_word' id='word_1_346' title='bbox 775 4016 908 4077; x_wconf 87' lang='lat' dir='ltr'>aggeres</span> <span class='ocrx_word' id='word_1_347' title='bbox 924 3995 958 4057; x_wconf 92' lang='lat' dir='ltr'>in</span> <span class='ocrx_word' id='word_1_348' title='bbox 980 3995 1083 4078; x_wconf 91' lang='lat' dir='ltr'>tipum</span> <span class='ocrx_word' id='word_1_349' title='bbox 1101 3995 1305 4060; x_wconf 66' lang='lat' dir='ltr'>montiuncu÷</span> 
     </span>
     <span class='ocr_line' id='line_1_43' title="bbox 154 4079 1305 4169; baseline -0.002 -23"><span class='ocrx_word' id='word_1_350' title='bbox 154 4083 259 4147; x_wconf 93' lang='lat' dir='ltr'>lorum</span> <span class='ocrx_word' id='word_1_351' title='bbox 274 4084 316 4147; x_wconf 93' lang='lat' dir='ltr'>ad</span> <span class='ocrx_word' id='word_1_352' title='bbox 331 4083 495 4169; x_wconf 87' lang='lat' dir='ltr'>superiora</span> <span class='ocrx_word' id='word_1_353' title='bbox 509 4081 714 4167; x_wconf 85' lang='lat' dir='ltr'>protendere,</span> <span class='ocrx_word' id='word_1_354' title='bbox 731 4093 764 4143; x_wconf 92' lang='lat' dir='ltr'>et</span> <span class='ocrx_word' id='word_1_355' title='bbox 780 4082 870 4166; x_wconf 82' lang='lat' dir='ltr'>quasi</span> <span class='ocrx_word' id='word_1_356' title='bbox 885 4080 1025 4144; x_wconf 68' lang='lat' dir='ltr'>humana</span> <span class='ocrx_word' id='word_1_357' title='bbox 1039 4081 1147 4144; x_wconf 89' lang='lat' dir='ltr'>omnia</span> <span class='ocrx_word' id='word_1_358' title='bbox 1169 4079 1305 4144; x_wconf 89' lang='lat' dir='ltr'>fuissent</span> 
     </span>
    </p>
   </div>
   <div class='ocr_carea' id='block_1_3' title="bbox 154 4166 1417 4257">
    <p class='ocr_par' dir='ltr' id='par_1_3' title="bbox 154 4166 1417 4257">
     <span class='ocr_line' id='line_1_44' title="bbox 154 4166 1417 4257; baseline -0.001 -24"><span class='ocrx_word' id='word_1_359' title='bbox 154 4193 250 4234; x_wconf 91' lang='lat' dir='ltr'>manu</span> <span class='ocrx_word' id='word_1_360' title='bbox 275 4171 462 4257; x_wconf 91' lang='lat' dir='ltr'>composita,</span> <span class='ocrx_word' id='word_1_361' title='bbox 487 4168 626 4254; x_wconf 86' lang='lat' dir='ltr'>regulari</span> <span class='ocrx_word' id='word_1_362' title='bbox 653 4168 870 4231; x_wconf 82' lang='lat' dir='ltr'>moderamine</span> <span class='ocrx_word' id='word_1_363' title='bbox 897 4170 1079 4232; x_wconf 86' lang='lat' dir='ltr'>convenire.</span> <span class='ocrx_word' id='word_1_364' title='bbox 1126 4166 1197 4231; x_wconf 89' lang='lat' dir='ltr'>Nec</span> <span class='ocrx_word' id='word_1_365' title='bbox 1212 4169 1303 4251; x_wconf 89' lang='lat' dir='ltr'>panis</span> <span class='ocrx_word' id='word_1_366' title='bbox 1409 4240 1417 4246; x_wconf 23' lang='lat'>³</span> 
     </span>
    </p>
   </div>
   <div class='ocr_carea' id='block_1_4' title="bbox 141 4253 1303 4491">
    <p class='ocr_par' dir='ltr' id='par_1_4' title="bbox 141 4253 1303 4491">
     <span class='ocr_line' id='line_1_45' title="bbox 141 4253 1303 4342; baseline -0.004 -20"><span class='ocrx_word' id='word_1_367' title='bbox 141 4261 246 4342; x_wconf 85' lang='lat' dir='ltr'>panis</span> <span class='ocrx_word' id='word_1_368' title='bbox 271 4259 475 4324; x_wconf 91' lang='lat' dir='ltr'>latitudinem</span> <span class='ocrx_word' id='word_1_369' title='bbox 498 4258 623 4340; x_wconf 80' lang='lat' dir='ltr'>longius</span> <span class='ocrx_word' id='word_1_370' title='bbox 653 4253 859 4340; x_wconf 90' lang='lat' dir='ltr'>procedendo</span> <span class='ocrx_word' id='word_1_371' title='bbox 888 4268 1071 4319; x_wconf 85' lang='lat' dir='ltr'>excesserat</span> <span class='ocrx_word' id='word_1_372' title='bbox 1099 4277 1159 4324; x_wconf 86' lang='lat' dir='ltr'>nec</span> <span class='ocrx_word' id='word_1_373' title='bbox 1189 4254 1303 4341; x_wconf 86' lang='lat' dir='ltr'>aliquis</span> 
     </span>
     <span class='ocr_line' id='line_1_46' title="bbox 153 4339 1303 4429; baseline -0.005 -19"><span class='ocrx_word' id='word_1_374' title='bbox 153 4347 251 4410; x_wconf 89' lang='lat' dir='ltr'>alium</span> <span class='ocrx_word' id='word_1_375' title='bbox 280 4339 462 4420; x_wconf 87' lang='lat' dir='ltr'>latitudine,</span> <span class='ocrx_word' id='word_1_376' title='bbox 498 4343 652 4429; x_wconf 89' lang='lat' dir='ltr'>pondere,</span> <span class='ocrx_word' id='word_1_377' title='bbox 687 4342 739 4404; x_wconf 89' lang='lat' dir='ltr'>vel</span> <span class='ocrx_word' id='word_1_378' title='bbox 776 4344 983 4427; x_wconf 82' lang='lat' dir='ltr'>quantitate,</span> <span class='ocrx_word' id='word_1_379' title='bbox 1007 4355 1303 4427; x_wconf 86' lang='lat' dir='ltr'>superexcreverat.</span> 
     </span>
     <span class='ocr_line' id='line_1_47' title="bbox 718 4449 739 4491; baseline 0 0"><span class='ocrx_word' id='word_1_380' title='bbox 718 4449 739 4491; x_wconf 88' lang='lat' dir='ltr'>n</span> 
     </span>
    </p>
   </div>
   <div class='ocr_carea' id='block_1_5' title="bbox 0 0 1466 4966">
    <p class='ocr_par' dir='ltr' id='par_1_5' title="bbox 0 0 1466 4966">
     <span class='ocr_line' id='line_1_48' title="bbox 0 0 1466 4966; baseline 0 4"><span class='ocrx_word' id='word_1_381' title='bbox 0 0 1466 4966; x_wconf 95' lang='lat' dir='ltr'> </span> 
     </span>
    </p>
   </div>
  </div>
 </body>
</html>
