2924 4966
265 354 310 418 18
410 400 414 409 .
619 369 833 418 irroramur
862 368 1045 420 uonacm

263 533 356 596 maris
372 532 463 595 reflui
483 532 702 597 deliberabant
718 557 859 598 recessus
875 535 1074 598 anfractuum
1090 534 1287 617 expectare.¹
1332 533 1415 598 Lin-

264 622 421 686 disi'amea
431 620 515 684 enim
532 620 668 684 Insulae
686 622 796 685 Lindis
808 637 857 686 est
872 622 1105 707 cognominata,
1119 645 1193 707 quae
1205 644 1310 707 prope
1328 623 1411 687 fines

264 710 385 785 insulae,
403 731 490 772 more
506 707 601 771 fontis
616 708 737 794 irrigui,
754 710 887 774 oriendo
902 710 1025 787 defluit,
1043 722 1076 773 et
1095 709 1127 772 in
1145 708 1205 772 rivi
1220 731 1350 774 morem
1367 710 1415 772 vi-

264 810 354 861 antes
368 796 458 860 brevi
474 796 640 859 intervallo
652 797 769 861 vadare
781 798 953 882 compellit.
1002 797 1109 861 Insula
1121 796 1211 872 haec;
1228 797 1413 863 accedente

264 899 419 962 reumate,
436 884 553 948 cotidie
568 884 616 948 bis
635 885 728 947 nudis
747 885 965 972 spumantibus
984 885 1078 949 maris
1096 884 1249 960 alluitur;
1272 885 1416 951 totiens·

266 997 340 1061 que,
357 973 464 1036 refluis
480 972 573 1036 maris
589 972 719 1050 sinibus,
741 977 892 1057 contigua
911 986 1006 1037 terrae
1024 972 1223 1060 relinquitur,
1242 991 1276 1036 et
1294 973 1415 1039 vianti-

265 1063 324 1126 bus
348 1061 517 1146 gressibilis
544 1073 577 1124 et
604 1061 792 1125 accessibilis
819 1062 1010 1137 exhibetur3
1042 1084 1115 1125 cum
1141 1073 1250 1124 tamen
1275 1061 1413 1125 harenae

267 1150 407 1235 spacium
423 1148 517 1212 trium
533 1148 784 1213 miliarium-fore
800 1150 1036 1234 comprobetur.
1065 1148 1179 1212 Subito
1191 1148 1291 1232 igitur
1306 1173 1412 1227 mare,

267 1261 340 1302 cum
359 1239 427 1322 jam
446 1236 642 1322 plenitudine
663 1236 711 1299 sui
730 1238 966 1314 intumesceret,
991 1237 1076 1300 miris
1099 1237 1267 1301 conatibus
1291 1238 1413 1302 fluctus

267 1325 463 1411 plenissimos
486 1323 518 1387 in
541 1347 575 1387 se
598 1325 737 1402 retorsit,
754 1341 787 1390 et
810 1326 870 1389 viae
886 1326 1041 1404 semitam,
1058 1324 1248 1388 siccantibus
1266 1325 1412 1403 harenis,

268 1413 414 1477 viabilem
430 1412 576 1476 omnibus
595 1413 742 1498 praebuit.
794 1414 893 1479 Erant
913 1413 997 1478 enim
1016 1413 1061 1477 eis
1081 1436 1173 1499 aquae
1191 1435 1251 1497 pro
1266 1436 1376 1492 muru,
1394 1437 1415 1478 a

267 1501 389 1565 dextris
409 1514 441 1565 et
461 1524 479 1564 a
499 1500 651 1577 sinistris3
678 1515 711 1565 et
730 1502 854 1566 laterali
872 1502 1000 1586 parietis
1020 1524 1108 1565 more
1127 1523 1196 1565 sese
1224 1501 1256 1564 in
1283 1501 1414 1566 directo

265 1613 323 1675 per
338 1612 413 1653 aera
429 1588 586 1653 linealiter
604 1589 833 1654 extendebant.
881 1591 1027 1676 Cumque
1046 1587 1125 1653 sacri
1145 1588 1321 1673 portitores
1341 1613 1416 1655 cor·

267 1677 352 1762 poris
371 1677 545 1762 procedere
561 1676 790 1755 deliberabant,
808 1701 944 1762 semper,
962 1692 1036 1742 ante
1052 1677 1100 1741 sui
1115 1676 1260 1761 vestigia,
1276 1676 1415 1744 harena·

266 1766 383 1830 siccata
397 1765 505 1829 limina
520 1779 553 1829 et
569 1777 668 1828 strata
682 1765 795 1830 viatori
811 1789 885 1830 area
900 1767 1085 1850 apparebat.
1125 1763 1276 1851 Miroque
1297 1766 1412 1845 modo,

265 1877 337 1919 cnm
351 1877 460 1917 omnes
476 1853 534 1916 viri
549 1865 582 1917 et
597 1853 746 1931 foeminae,
757 1854 879 1938 parvuli
892 1868 926 1917 et
940 1853 1132 1939 juvencula,
1146 1866 1293 1917 armenta
1305 1867 1341 1918 et
1355 1877 1417 1939 pe·

265 1943 373 2019 eudes,
391 1965 466 2028 oyes
482 1955 515 2004 et
529 1942 639 2017 boves,
652 1943 719 2027 jam
739 1942 820 2006 infra
838 1942 931 2005 maris
951 1941 1087 2006 ambitus
1107 1964 1175 2004 sese
1194 1941 1414 2025 procedentes

265 2031 467 2107 incluserant,
482 2052 558 2092 mox
570 2029 664 2092 maris
677 2030 762 2093 unda
772 2053 897 2115 gressus
913 2052 1024 2094 eorum
1036 2031 1242 2114 subsequens,
1255 2028 1346 2093 sinus
1361 2053 1416 2095 re-

266 2119 346 2182 fluos
361 2117 575 2202 adimplebat3
600 2130 632 2180 et
648 2118 753 2181 statim
769 2132 841 2202 post
857 2132 948 2203 terga
963 2141 1074 2182 eorum
1093 2116 1187 2180 maris
1206 2139 1291 2216 aqua
1306 2140 1414 2205 usque

267 2207 307 2269 ad
323 2205 527 2291 plenitudinis
546 2204 671 2290 i'astigia
690 2206 903 2290 pertingebat.
953 2206 1068 2292 Sicque
1089 2227 1196 2269 coram
1215 2228 1261 2268 e1s
1280 2228 1415 2291 semper

266 2294 299 2357 in
314 2293 474 2358 anteriora
493 2293 575 2357 viam
598 2293 776 2357 siccabilem
798 2293 947 2379 praebuit,
964 2307 997 2357 et
1020 2306 1092 2379 post
1108 2292 1241 2376 vestigia
1255 2294 1413 2377 gradien-

266 2383 346 2445 tium
368 2381 398 2445 in
417 2381 512 2445 fontis
531 2405 565 2444 se
581 2381 703 2466 pristini
718 2382 874 2467 gremium
889 2404 976 2445 mare
995 2381 1133 2445 retorsit.
1186 2381 1236 2444 Ita
1251 2381 1329 2444 deni
1353 2406 1410 2461 ne,

266 2469 365 2534 illaeso
388 2469 533 2554 vestigio,
551 2468 593 2532 ad
615 2469 766 2533 ulteriora
781 2483 1006 2558 pervenerunt,
1031 2483 1074 2547 et,
1099 2469 1176 2532 dum
1196 2468 1238 2532 ad
1263 2404 1412 2535 lnsiilam

266 2559 374 2622 oculos
392 2556 609 2643 retorquendo
630 2557 820 2635 conferrent,
846 2571 950 2621 totum
976 2557 1071 2620 maris
1097 2557 1252 2621 ambitum
1276 2557 1415 2643 copiosa

265 2669 419 2732 aquarum
430 2645 634 2708 multitudine
644 2645 796 2710 inundare
807 2645 1037 2730 conspicerent.
1074 2644 1177 2721 Mare,
1189 2644 1297 2729 igitur,
1312 2645 1415 2711 Beati

268 2734 439 2798 Cutlrberti
454 2757 579 2797 carnem
595 2734 810 2819 incorruptam
821 2733 949 2797 archam
963 2733 1059 2797 fuisse
1075 2731 1257 2797 testamenti
1273 2731 1416 2799 Domini

265 2821 410 2906 praeclari
425 2821 566 2884 miraculi
582 2821 698 2884 indicio
712 2836 860 2906 patenter
875 2821 1024 2897 ostendit,
1038 2821 1122 2907 quia,
1134 2821 1232 2884 instar
1243 2821 1412 2901 Jordanis,

266 2909 307 2973 ad
325 2909 489 2972 introitum
504 2910 716 2988 sacerdotum,
733 2911 860 2974 archam
879 2909 1009 2973 Domini
1024 2909 1163 2974 humeris
1179 2908 1413 2989 deferentium,

265 3021 298 3061 se
314 2997 463 3072 retorsit3
487 3011 530 3074 et,
547 2997 658 3061 ordine
675 2998 838 3075 consimili,
856 3021 889 3061 se
912 3011 984 3082 post
1006 2997 1219 3082 gradientium
1241 3009 1336 3081 terga
1358 3021 1416 3064 re-

265 3086 369 3150 clusit.
416 3084 486 3147 Nec
509 3084 642 3161 mirum3
667 3086 741 3170 quia
766 3087 861 3150 archa
886 3084 1070 3149 testamenti
1096 3084 1207 3148 aeterni
1233 3096 1349 3169 corpus
1377 3101 1415 3152 et

265 3198 339 3238 caro
359 3172 482 3237 exstitit
501 3172 594 3236 Beati
609 3174 779 3238 Cuthberti
792 3198 800 3249 3
817 3173 848 3237 in
860 3174 922 3260 qud
937 3174 1032 3237 archa
1043 3196 1123 3236 urna
1134 3195 1232 3236 aurea
1246 3185 1295 3235 est
1312 3172 1414 3240 Beati

268 3248 449 3337 Cuthblrti,
467 3283 546 3346 pura
562 3261 635 3325 Deo
651 3276 684 3325 et
700 3261 845 3325 immunis
860 3286 880 3325 a
895 3261 1019 3347 peccati
1037 3260 1185 3344 contagio
1200 3259 1315 3324 animae
1331 3284 1416 3327 con-

265 3350 406 3426 scientia,
419 3349 539 3412 habens
552 3372 712 3413 mannase
728 3350 809 3413 infra
820 3349 1030 3426 reconditum,
1046 3363 1176 3411 aeternae
1192 3347 1259 3433 spei
1276 3349 1414 3417 caeleste

265 3437 467 3514 desiderium,
486 3451 518 3500 et
534 3437 655 3521 virgam
677 3439 784 3501 Aaron
803 3461 875 3522 quae
894 3437 1001 3500 floruit
1021 3451 1054 3500 et
1073 3436 1237 3500 fronduit:
1262 3434 1294 3499 id
1314 3436 1416 3503 disci·

263 3527 358 3612 plinae
381 3525 549 3610 spiritualis
572 3525 795 3589 rectitudinem
810 3549 882 3612 quae
904 3525 1011 3588 floruit
1034 3548 1076 3588 ex
1099 3524 1200 3608 gratia
1215 3537 1248 3587 et
1264 3524 1415 3592 fronduit

265 3639 307 3679 ex
317 3613 454 3698 copiosae
467 3613 590 3676 virtutis
602 3613 757 3677 fluctibus
769 3627 802 3677 et
814 3613 1008 3677 inundantia.
1056 3611 1286 3675 Thurribulum
1307 3612 1414 3679 etiam

265 3705 305 3767 de
321 3725 400 3766 auro
416 3714 504 3764 tenet
520 3700 731 3786 purissimum,
750 3701 782 3764 id
798 3715 846 3765 est
861 3701 1016 3787 purissimi
1032 3699 1134 3762 cordis
1151 3698 1357 3779 domicilium,
1377 3702 1414 3767 in

258 3795 328 3878 'quo
344 3791 417 3854 thus
433 3789 610 3852 devotionis
627 3790 810 3853 suavissimo
826 3789 976 3853 orationis
996 3789 1085 3851 fumo
1101 3801 1134 3852 et
1154 3787 1414 3871 compunctionis
1430 3834 1433 3839 -

300 4018 351 4065 lla
362 4019 477 4077 marytre,
489 4032 564 4064 manu
575 4016 657 4068 conari.
670 4016 776 4066 Poterat
788 4015 890 4080 quidem
903 4022 965 4065 tunc
981 4015 1080 4064 Beatus
1092 4014 1252 4064 Cuthbertus
1264 4016 1302 4063 eis
1313 4016 1416 4070 siccare

266 4086 342 4135 maris
359 4086 495 4134 transitum
508 4086 575 4134 sicut
589 4083 615 4133 fe
629 4091 676 4134 ..at
691 4083 860 4150 postmodum.
896 4084 964 4133 Nam
977 4099 1044 4132 anno
1056 4083 1088 4131 ab
1104 4085 1357 4132 incarn...ru.nx.vr.
1371 4100 1415 4137 re.

265 4153 404 4203 ‹leuntibus
426 4152 604 4201 cum...Patris
627 4168 828 4217 corpore....sese
851 4153 952 4218 aperuit
975 4162 1002 4201 et
1029 4150 1146 4200 humidas
1169 4149 1329 4201 har-..siccas
1350 4151 1414 4217 jam

263 4219 428 4276 illis...Quod
439 4219 536 4270 factum
549 4228 588 4270 est
600 4219 863 4286 Egel...episcopante
873 4237 949 4270 cxxv
960 4235 1079 4269 ann...ex
1092 4235 1142 4284 quo
1151 4219 1182 4267 ab
1195 4217 1299 4268 Alduno
1310 4219 1338 4268 in
1351 4220 1415 4274 Du.

264 4290 379 4341 nelmum
392 4303 482 4352 corpus
493 4289 573 4354 ipsius
585 4288 698 4337 delatum
708 4298 762 4346 est;
777 4289 821 4338 sed
834 4289 927 4338 iterum
937 4288 982 4353 viij
993 4288 1122 4338 Kalendas
1134 4285 1230 4351 Aprilis
1241 4301 1342 4336 sacrum
1354 4305 1416 4342 cor·

265 4375 313 4425 pus
328 4355 484 4407 Dnnelmum
497 4363 703 4419 estreportatum
713 4359 928 4407 etmonasterium
939 4356 1105 4422 solempniter
1114 4353 1313 4404 reconciliatum.
1349 4357 1416 4412 The

266 4428 364 4477 chasms
375 4427 402 4472 in
414 4425 465 4473 this
474 4422 599 4489 marginal
611 4432 672 4474 note
684 4424 748 4474 have
761 4427 824 4476 been
837 4424 981 4475 occasioned
994 4427 1026 4490 by
1040 4425 1084 4474 the
1096 4423 1165 4473 luife
1177 4421 1259 4471 ot'the
1272 4422 1373 4476 binder.
