2924 4966
176 376 247 450 156
533 396 751 447 naumannr
779 396 962 447 nroxacm

172 563 322 639 subeunt,
354 574 387 626 et
418 574 490 646 post
520 562 621 626 multa
648 560 792 646 pericula
824 561 934 627 mortis
970 576 1097 641 metum
1126 567 1308 633 excutiendo

174 652 350 735 deponunt.
406 649 503 714 Miles
526 650 614 734 ergb,
640 648 708 713 aliis
735 650 1013 735 progredientibus
1036 666 1071 716 et
1093 654 1309 739 suppellectilis

173 738 269 802 variae
285 761 383 802 onera
398 739 651 823 exportantibus,
663 736 739 801 licet
751 761 870 824 equum
882 738 1032 818 amiserit,
1046 739 1188 826 lapidem
1201 756 1309 822 tamen,

172 826 227 925 qui
243 826 275 889 in
289 825 390 889 fundo
417 826 504 889 navis
529 824 660 889 eatenus
686 824 896 904 decubuerat,
913 850 1021 891 secum
1048 830 1201 906 sustulit3
1223 833 1310 897 etad

172 937 250 998 ripa·
265 914 405 977 hostium
420 915 513 998 supra
530 927 640 999 portus
650 911 751 976 tutius
763 913 1004 979 fundamentum
1017 914 1050 978 in
1060 918 1148 981 terra
1159 921 1311 1004 exposuit.

177 1001 241 1074 Qui
264 1001 377 1065 anxius
400 1001 587 1087 suspirando
610 1000 833 1086 ingemiscens,
854 1002 998 1103 altosque
1025 1004 1133 1068 cordis
1159 1007 1310 1072 anfractus

171 1089 302 1153 vocibus
318 1112 493 1174 exponens,
511 1089 607 1173 coepit
625 1088 666 1152 de
690 1089 764 1175 equi
786 1090 836 1153 sui
859 1090 1026 1155 amissrone
1052 1106 1187 1157 moestus
1214 1095 1311 1160 animo

171 1177 361 1261 perturbari,
379 1191 412 1241 et
427 1178 468 1241 de
484 1177 564 1241 tanti
580 1176 692 1262 lapidis
708 1199 805 1241 onere
821 1177 972 1263 fatigatus
987 1179 1101 1243 anxius
1118 1204 1231 1245 secum
1244 1206 1312 1248 con·

171 1264 272 1350 queri.
320 1274 342 1304 “
356 1265 436 1328 Eia”
469 1263 614 1352 iuquiens
651 1275 672 1305 “
686 1264 878 1343 Cuthberte,
903 1266 1043 1331 haeccine
1070 1268 1150 1333 talia
1173 1285 1248 1335 sunt
1270 1271 1311 1335 tui

170 1352 274 1415 subdii
301 1352 496 1437 adjumenta,
525 1365 560 1417 ut
581 1353 658 1415 dum
683 1352 742 1416 tibi
767 1352 878 1418 devoti
900 1354 1064 1418 ministerii
1087 1356 1311 1442 impenduntur

171 1440 273 1503 officia
288 1452 395 1504 tamen
410 1440 468 1504 tibi
492 1440 740 1527 obsequentibus
763 1442 920 1527 rependas
935 1442 1124 1527 injuriarum
1147 1464 1182 1510 et
1208 1446 1311 1533 danp-

108 1604 111 1613 .
169 1527 201 1590 ni
226 1528 429 1592 detrimenta.
478 1529 562 1593 Ecce
589 1528 674 1592 enim
701 1550 820 1615 equum
846 1552 963 1606 meum,
991 1530 1039 1593 tui
1062 1531 1179 1616 lapidis
1202 1557 1312 1621 expor-

169 1629 306 1679 tatorem
322 1616 513 1693 onerarium,
525 1618 594 1702 jam
607 1615 685 1679 mari
696 1616 896 1700 deglutiente
908 1618 1088 1695 suffocasti3
1104 1633 1138 1684 et
1155 1620 1189 1685 in
1205 1635 1238 1687 te
1249 1623 1311 1687 solo

168 1716 351 1787 protectore
364 1705 579 1769 confidentem
595 1703 635 1767 de
651 1704 760 1791 equite
776 1705 918 1789 peditem
934 1705 1113 1771 reddidisti.
1141 1708 1224 1775 Haec
1239 1710 1310 1775 mihi

168 1791 264 1855 iaciat
277 1792 378 1870 Deus,
390 1806 423 1855 et
439 1792 486 1856 his
501 1792 720 1877 ingruentibus
730 1792 820 1855 malis
832 1792 959 1871 adiciat,
970 1792 995 1856 si
1011 1792 1152 1879 lapidem
1165 1810 1259 1862 tuum
1268 1798 1311 1862 ul·

169 1879 267 1943 terius
291 1879 430 1958 tulerim,
456 1880 515 1943 nisi
543 1902 671 1967 equum,
695 1903 792 1967 quem
816 1881 1004 1961 demersisti,
1027 1882 1105 1946 milti
1129 1886 1310 1951 restitutum

168 1968 355 2052 receperim.
402 1966 478 2031 Non
494 1970 579 2032 enim
598 1967 689 2032 valeo
700 1991 758 2053 per
778 1980 828 2032 tot
843 1969 1030 2055 longinquas
1042 1984 1205 2037 terrarum
1219 1974 1311 2039 inter-

168 2055 337 2140 capedines
364 2056 462 2141 pedes
483 2056 642 2133 incedere,
656 2068 689 2119 et
716 2055 797 2119 tanti
823 2056 936 2141 lapidis
961 2057 1079 2122 molem
1099 2060 1181 2124 meis
1204 2062 1310 2127 hume·

166 2144 207 2206 ris
224 2144 399 2208 deserendo
414 2143 600 2208 sustinere.”
648 2144 691 2207 Et
707 2143 782 2207 talia
796 2145 911 2229 saepius
926 2144 1109 2230 replicando
1125 2162 1309 2229 contexens,

167 2233 209 2295 ad
223 2232 357 2296 harenas
376 2255 448 2295 cum
464 2231 569 2316 lapide
585 2255 680 2316 super
694 2231 795 2316 ripam
810 2232 842 2294 in
858 2233 974 2297 sabulis
989 2232 1126 2298 littoreis
1145 2241 1308 2322 processit,

167 2318 333 2407 ipsumque
356 2343 429 2384 cum
451 2319 539 2383 nimii
559 2320 673 2383 suroris
696 2319 914 2404 indignatione
934 2320 1052 2385 ibidem
1074 2323 1154 2388 talia
1175 2325 1309 2391 dicendo

167 2408 291 2471 defixit.
339 2418 360 2448 “
369 2406 465 2473 Certe
474 2408 526 2471 hic
540 2421 613 2471 tuus
625 2408 714 2494 lapis,
729 2408 919 2487 Cuthberte,
931 2422 1089 2494 perpetuo
1097 2414 1307 2503 permanebit,

166 2495 226 2559 nisi
252 2518 370 2582 equum
396 2518 515 2573 meum,
541 2509 597 2561 tua
623 2497 698 2560 mihi
725 2496 869 2582 potentia
898 2496 1085 2561 restituerit.
1141 2500 1307 2575 Quatenus

166 2583 247 2647 sicut
263 2584 399 2684 aequoris
419 2584 540 2648 insania
554 2607 673 2670 equum
692 2607 808 2662 meum,
826 2596 859 2648 te
875 2584 1104 2664 consentiente,
1122 2587 1307 2655 devorando

165 2673 340 2750 absorbuit,
352 2672 395 2736 sic
411 2671 507 2758 ipsius
519 2672 605 2736 undb
619 2672 802 2756 insurgente
814 2672 861 2735 tui
875 2673 1005 2737 honoris
1016 2673 1158 2758 lapidem
1173 2677 1309 2763 degluti-

164 2761 249 2824 endo
264 2762 430 2825 absumere
445 2760 554 2845 possit.
601 2759 687 2825 Nam
702 2760 773 2839 hoc,
788 2773 820 2824 te
832 2759 927 2840 duce,
942 2761 1044 2825 rabies
1061 2766 1262 2849 tempestatis
1275 2778 1307 2831 et

165 2849 327 2913 dementia
341 2848 434 2912 maris
450 2849 673 2934 praesumendo
688 2848 812 2925 effecit3
827 2848 966 2933 lapidem
981 2847 1058 2913 verb
1074 2852 1135 2914 sub
1150 2853 1306 2941 aequoreis

163 2937 356 3002 attrahendo
379 2936 471 3001 undis
494 2959 559 3000 nou
581 2949 706 3000 tantum
728 2948 843 3000 natura
864 2937 1054 3001 occultando
1076 2939 1207 3020 celabit,
1231 2944 1305 3029 quin

163 3026 260 3090 immo
275 3049 350 3089 usus
362 3026 492 3088 marinae
508 3024 680 3103 effusionis,
691 3048 780 3088 more
795 3024 913 3088 assueti
927 3024 1042 3111 operis,
1053 3027 1202 3093 omnibus
1218 3029 1307 3115 igno·

163 3127 232 3178 tum
247 3129 280 3179 et
295 3113 451 3177 invisibile
477 3110 593 3176 lenitus
609 3112 785 3178 exhibebit.
833 3114 940 3199 Atque
955 3113 1094 3177 itamari
1109 3115 1237 3183 vindice
1256 3118 1285 3208 [

160 3225 259 3285 muru.
286 3201 465 3266 vindicante
507 3200 645 3285 lapidem
669 3213 761 3264 tuum
786 3200 971 3264 devorando
994 3200 1190 3284 absorbebit,
1218 3206 1305 3293 quod

160 3289 357 3376 paupertatis
368 3313 450 3354 meoe
460 3289 628 3367 caballum,
640 3300 672 3352 te
682 3287 911 3366 consentiente,
923 3289 1104 3354 demersit.”
1152 3292 1304 3359 Astantes

160 3377 267 3461 igitur,
285 3377 339 3465 qui
355 3378 432 3442 talia
446 3377 623 3454 audierant,
641 3399 715 3440 eum
737 3375 923 3440 insaniendo
938 3376 1054 3441 talibus
1070 3378 1176 3444 verbis
1195 3404 1304 3447 secum

159 3467 331 3531 colluctare
362 3466 547 3530 credebant.
605 3464 702 3530 Unde
728 3464 761 3526 in
786 3487 860 3528 eum
883 3464 1128 3544 stomachantes,
1159 3468 1303 3535 barbaris

158 3553 406 3618 chachinnorum
420 3553 550 3617 rictibus
573 3552 656 3616 illius
671 3552 801 3616 insaniae
823 3551 1013 3636 imperitiam
1035 3552 1244 3636 infamabant,
1269 3568 1303 3623 et

158 3639 320 3706 insultanti
330 3643 500 3706 verborum
510 3640 712 3718 contumeliis,
724 3639 817 3726 eique
829 3639 1048 3719 conviciando,
1062 3640 1169 3706 taliter
1184 3643 1302 3731 impro-

157 3731 323 3812 perabant.
363 3728 488 3793 “Num
507 3729 704 3794 Cuthbertus
720 3742 793 3792 tuus
809 3727 959 3792 demeris
982 3729 1090 3792 medio
1105 3752 1227 3816 equum
1242 3732 1300 3797 tibi

156 3817 314 3895 restituet,
332 3830 366 3882 et
387 3817 461 3882 bina
479 3819 548 3902 jam
561 3830 657 3880 nocte
679 3816 804 3902 integra
819 3838 892 3879 cum
907 3815 961 3880 die
977 3816 1096 3902 elapso,
1113 3816 1219 3903 ipsum
1242 3820 1300 3885 tibi

154 3905 372 3971 resuscitando
395 3907 557 3970 reducet?
606 3905 689 3978 Quae
704 3917 752 3968 est
775 3904 845 3968 haec
868 3905 936 3988 ejus
960 3906 1116 3989 potentia,
1141 3919 1179 3970 ut
1203 3909 1300 3974 morti

155 3994 238 4059 vires
253 3994 388 4078 ingerat,
406 4006 439 4057 et
449 3994 517 4078 jam
533 3993 586 4056 diu
603 4005 784 4057 emortuum
799 3991 874 4055 vitae
889 3991 1047 4077 spiraculo
1061 3993 1242 4059 redivivum
1257 3997 1299 4062 de

153 4095 257 4146 morte
268 4083 374 4146 redire
386 4080 577 4166 praecipiat?
603 4080 777 4168 Nunquam
793 4080 916 4144 Sanctis
930 4079 995 4144 Dei
1007 4080 1161 4166 tantisper
1170 4084 1300 4167 jumen·

154 4182 260 4233 torum
272 4171 368 4235 luisse
380 4168 559 4234 sollicitudo
575 4170 725 4248 creditur,
738 4181 774 4233 ut
788 4168 960 4319 aliquando
972 4169 1012 4232 de
1025 4172 1136 4233 mortis
1151 4170 1298 4238 faucibus

153 4257 306 4344 quispiam
337 4257 532 4322 caballorum
560 4255 700 4340 ipsorum
729 4256 849 4321 miracu
862 4256 888 4319 is
918 4256 1106 4342 eriperetur.
1160 4258 1297 4344 Spiritus

151 4346 280 4431 quidem
298 4346 517 4429 jumentorum
536 4343 628 4408 simul
651 4366 723 4408 cum
746 4343 841 4408 flatus
864 4343 912 4407 sui
934 4344 1092 4429 spiraculo
1114 4344 1296 4412 deficiendo

151 4432 286 4518 deperit,
309 4446 341 4497 et
364 4445 436 4517 post
451 4432 521 4495 finis
544 4428 668 4497 exitum
690 4455 755 4498 non
780 4430 932 4497 subsistit.
982 4431 1080 4498 Unde
1105 4456 1165 4499 nec
1192 4435 1296 4501 cuth-
