2924 4966
151 360 224 426 aas
528 373 744 423 nicomiam
766 374 950 422 novient

152 556 298 604 naturam
314 561 480 613 converso,
497 537 630 601 studuit.
679 536 752 600 Hoc
769 535 857 600 omni
873 549 1021 622 tempore
1036 536 1111 600 anni
1126 538 1195 602 sine
1211 537 1306 601 inter·

153 626 303 690 missione
327 649 408 710 opus
431 625 585 701 excoluit,
603 638 637 688 et
660 624 850 710 quibusdam
875 647 935 708 pro
959 624 1124 701 miraculo,
1150 625 1306 688 nonnullis

156 714 231 778 vero
257 735 314 798 pro
334 715 448 797 jocoso
474 711 640 776 levaminis
659 711 844 796 spectaculo
859 711 932 775 fuit.
981 710 1077 776 Forte
1097 713 1240 789 demum,
1256 712 1306 774 die

154 801 303 886 (puidam,
321 800 455 883 contigit
481 814 514 862 nt
538 798 696 863 solitarius
712 798 776 875 ille,
794 814 931 883 urgente
947 801 1150 876 necessitate,
1167 800 1210 864 ad
1225 799 1309 863 insu-

155 888 217 952 lam
235 888 328 951 aliam
352 888 383 949 in
409 887 557 972 proximo
572 885 709 971 positam
724 908 797 949 cum
820 889 885 950 suis
908 887 1086 971 navigaret,
1103 887 1235 974 avisque
1258 886 1310 950 illa

155 975 233 1051 sola,
251 975 340 1060 quasi
367 988 474 1037 custos
501 987 535 1037 et
559 973 672 1038 domus
698 971 836 1057 hospita,
857 975 945 1038 domi
971 988 1163 1039 remaneret.
1214 974 1309 1039 Unde

157 1063 242 1125 uisus
258 1062 409 1125 silvestris
426 1061 652 1145 superveniens
668 1060 755 1124 illam
770 1061 887 1146 rapuit,
901 1077 932 1126 et
950 1081 1055 1125 rostro
1067 1084 1139 1125 cnm
1153 1061 1310 1145 unguibus

156 1150 362 1212 dilaceratam
378 1148 564 1211 commedit.
614 1148 680 1212 Sed
695 1170 760 1211 non
774 1147 904 1233 impune
917 1173 925 1224 3
950 1172 1068 1233 nempe
1081 1164 1183 1212 totam
1200 1162 1311 1233 postea

157 1237 242 1300 diem
259 1259 318 1320 pro
335 1236 452 1298 nichilo
467 1235 648 1320 exspendit,
662 1238 738 1322 quia
753 1236 886 1300 insulam
904 1237 1046 1312 evolans,
1063 1251 1097 1300 et
1112 1236 1312 1300 circumeun-

158 1325 201 1386 do
217 1324 459 1399 circumvolans,
477 1345 632 1408 nusquam
648 1323 797 1400 evadere,
814 1324 928 1400 latere,
947 1324 997 1388 vel
1017 1324 1107 1387 exire
1131 1323 1310 1408 praevaluit.

163 1412 248 1484 Quia
272 1410 357 1474 euim
389 1410 482 1473 Beati
512 1409 684 1474 Cuthberti
708 1433 821 1496 pacem
847 1411 986 1488 laeserat,
1012 1411 1099 1496 sugae
1126 1411 1234 1475 locum
1261 1410 1310 1474 vel

158 1499 243 1582 pacis
260 1500 413 1584 quietem,
431 1520 587 1583 nusquam
611 1497 752 1561 invenire
769 1497 907 1562 valebat.
955 1498 1104 1562 Tandem
1127 1521 1171 1562 ex
1193 1498 1310 1562 sudore

158 1585 258 1649 nimio
274 1600 307 1648 et
330 1585 465 1648 circuitu
481 1584 594 1648 sedulo
609 1584 772 1669 fatigatus,
789 1584 831 1649 ad
846 1586 927 1670 ejus,
944 1609 1041 1672 quem
1057 1586 1150 1662 laesit,
1169 1584 1311 1649 subsidia

158 1688 190 1736 et
207 1673 384 1757 patrocinia
399 1672 591 1736 convolavit.
639 1671 724 1736 Nam
747 1673 777 1735 in
793 1673 960 1737 ecclesiam
976 1673 1132 1757 confugit,
1150 1685 1183 1736 et
1207 1673 1240 1735 in
1256 1695 1312 1736 an-

158 1762 235 1842 gulo
251 1784 342 1823 secus
366 1760 478 1836 altare,
496 1759 664 1822 summisso
688 1759 804 1845 capite,
821 1783 858 1824 ac
885 1760 1029 1824 demissis
1045 1761 1102 1823 alis
1125 1775 1159 1824 et
1185 1759 1312 1844 hispido

159 1871 304 1932 corpore,
334 1847 423 1934 quasi
447 1847 591 1910 conscius
615 1846 670 1910 sui.
685 1846 794 1912 reatiis
817 1848 958 1932 expavit.
1008 1848 1149 1912 Rediens
1173 1847 1311 1932 denique

159 1936 345 2012 monachus,
362 1957 454 1998 avem
478 1957 566 1998 suam
590 1934 776 1998 devoratam
800 1938 967 2020 comperit,
985 1935 1060 2021 quia
1083 1936 1206 2019 plumas
1229 1934 1312 1997 illius

160 2046 233 2085 cum
260 2023 385 2086 ossibus
412 2022 454 2085 ad
483 2022 623 2085 hostium
647 2021 792 2086 ecclesiae
816 2022 978 2108 repperit:
1006 2023 1239 2108 ecclesiamque
1266 2021 1314 2085 in·

161 2109 295 2186 troicus,
309 2110 385 2172 dum
409 2110 593 2193 praedonem
613 2131 703 2172 suum
728 2122 795 2172 tam
818 2109 987 2174 coususum
1003 2129 1036 2174 et
1059 2108 1222 2195 hispidum
1238 2132 1314 2173 con·

160 2197 277 2280 spexit,
299 2197 441 2260 misereri
465 2210 499 2260 et
522 2196 661 2281 compati
686 2197 794 2280 coepit.
843 2197 942 2261 Unde
960 2197 1048 2261 illum
1064 2197 1211 2262 manibus
1226 2220 1314 2262 com-

161 2285 361 2367 prehendens
377 2284 417 2347 ad
433 2298 561 2368 portum
577 2283 688 2347 insulae
704 2284 830 2362 detulit,
848 2298 882 2349 et
901 2284 933 2346 in
948 2284 1077 2348 nomine
1096 2284 1190 2349 Beati
1210 2284 1313 2350 Cuth-

160 2370 244 2434 berti
261 2394 334 2433 enm
350 2370 438 2434 abire
454 2369 619 2454 praecepit.
670 2371 735 2443 Qui
759 2394 847 2449 mox,
872 2371 958 2436 acsi
982 2371 1078 2436 nichil
1102 2372 1177 2436 meli
1200 2395 1312 2456 passus

160 2457 281 2533 fuisset,
300 2459 341 2520 ad
361 2477 479 2520 terram
494 2457 645 2532 evolavit,
665 2480 722 2522 nec
738 2458 870 2523 ulterius
887 2459 930 2522 ibi
950 2461 1140 2544 comparuit.
1189 2461 1228 2523 In
1244 2459 1313 2560 qui-

160 2546 219 2608 bus
235 2545 311 2607 satis
327 2545 517 2620 ostenditur,
528 2557 648 2630 quanta
663 2545 809 2628 potentia
823 2545 855 2608 in
875 2546 969 2611 Beati
988 2547 1160 2612 Cuthberti
1177 2547 1312 2610 nommis

160 2632 340 2696 reverentia
355 2630 458 2696 inesse
474 2633 712 2714 comprobatur,
724 2656 798 2719 quae
812 2657 905 2698 avem
921 2634 1099 2698 silvestrem
1115 2633 1161 2699 ita
1175 2634 1310 2719 punivit,
1336 2678 1347 2729 1

161 2719 316 2794 edomuit,
334 2734 368 2783 et
384 2719 424 2782 ad
441 2719 538 2803 ipsius
555 2718 789 2784 invocationem
807 2721 941 2785 nominis
954 2745 973 2785 a
986 2721 1113 2785 vinculo
1129 2722 1177 2786 sui
1193 2721 1314 2786 conscii

158 2805 278 2884 reatris,
296 2807 443 2870 absolvit.

164 3072 262 3136 CAP.
281 3069 386 3136 CXII
393 3074 490 3135 -De
501 3075 610 3135 clerieo
624 3075 757 3153 quodam
772 3071 985 3153 Norwupensi,
997 3076 1052 3154 qui
1066 3081 1175 3147 mutire,
1188 3076 1311 3148 sardus,

248 3181 354 3234 cacus,
370 3164 493 3233 exstitit,
509 3169 539 3222 et
552 3161 656 3238 capud
669 3158 779 3221 ramme*
790 3167 820 3221 et
833 3160 983 3242 indefesse*
992 3161 1119 3240 jactare
1133 3164 1312 3233 musaeum

247 3268 309 3328 quo
323 3249 429 3309 ordine
444 3255 569 3309 curatus
584 3249 634 3308 sit.

211 3421 241 3482 A
264 3419 418 3504 progenie
445 3418 477 3482 in
508 3419 673 3503 progenie,
700 3418 816 3483 eodem
845 3418 986 3483 Domino
1014 3419 1099 3482 vices
1130 3433 1313 3503 temporum

163 3507 265 3570 varias
292 3506 545 3591 intemperaliter
570 3505 769 3582 moderante,
794 3506 908 3570 eadem
937 3506 1002 3570 Dei
1025 3505 1171 3590 potentia
1189 3517 1223 3568 et
1250 3505 1314 3569 cle·

165 3595 285 3658 mentia
300 3594 332 3657 in
352 3594 454 3656 Beato
467 3616 592 3677 semper
608 3592 943 3669 Cuthbertoexstitit;
967 3617 1040 3680 quae
1052 3594 1150 3656 etiam
1166 3590 1313 3657 affinibus

165 3698 198 3745 et
211 3681 342 3745 semotis
357 3680 434 3744 satis
450 3679 583 3744 mirifica
597 3694 631 3743 et
647 3679 734 3743 varia
755 3682 930 3764 gratiarum
951 3695 986 3744 et
1010 3679 1235 3744 miraculorum
1252 3677 1315 3742 vir·

166 3784 235 3833 tute
251 3768 380 3832 reluxit.
428 3767 554 3850 Nempe
570 3779 620 3831 tot
635 3767 763 3851 pietatis
779 3790 912 3852 operum
936 3766 1132 3852 exemplaria
1155 3765 1312 3843 novimus,

166 3857 254 3944 quod
276 3855 376 3939 magis
399 3854 604 3918 multitudine
628 3877 723 3940 quam
743 3854 953 3918 admiratione
978 3853 1225 3918 succumbimus.
1285 3852 1314 3917 Ε

166 3944 281 4031 quibus
297 3942 329 4005 id
344 3941 507 4026 praeclarae
522 3941 740 4005 admirationis
763 3942 888 4005 novitas
912 3941 1072 4026 stupenda
1086 3939 1222 4017 exstitit,
1239 3961 1314 4027 quae

167 4032 293 4096 novella
308 4030 420 4114 gratiae
433 4029 577 4113 potentia
592 4031 723 4115 antiqua
742 4028 833 4093 nobis
856 4029 949 4093 Beati
969 4027 1068 4114 patris
1086 4027 1189 4091 nostri
1211 4026 1315 4097 Cuth-

166 4120 249 4184 berti
269 4116 421 4182 miracula
439 4116 531 4178 nobis
558 4116 784 4180 contuentibus
808 4115 983 4181 innovavit.
1033 4116 1112 4179 Erat
1131 4114 1263 4201 quidem
1281 4113 1316 4177 in

168 4209 253 4271 terrei
269 4205 544 4288 Norwagenorum
560 4203 760 4287 perpulchrae
772 4202 887 4267 indolis
897 4203 1036 4288 juvenis,
1054 4202 1095 4266 de
1108 4200 1207 4266 nobili
1222 4224 1316 4266 acco-

167 4296 268 4358 larum
290 4307 384 4357 terrae
412 4289 508 4374 ipsius
535 4290 687 4353 oriundus
710 4303 818 4376 styrpe
841 4303 1032 4376 parentum:
1063 4291 1153 4374 cujus
1180 4301 1317 4374 paterna

169 4379 367 4446 conversatio
384 4379 415 4441 in
430 4375 561 4460 genitali
577 4376 645 4439 solo
659 4378 802 4441 crebrior
826 4377 856 4442 in
881 4378 1009 4442 civitate
1033 4375 1193 4441 ,Berhensi
1216 4374 1316 4440 exsti-
