<?xml version="1.0" encoding="UTF-8"?>
<!DOCTYPE html PUBLIC "-//W3C//DTD XHTML 1.0 Transitional//EN"
    "http://www.w3.org/TR/xhtml1/DTD/xhtml1-transitional.dtd">
<html xmlns="http://www.w3.org/1999/xhtml" xml:lang="en" lang="en">
 <head>
  <title>
</title>
<meta http-equiv="Content-Type" content="text/html;charset=utf-8" />
  <meta name='ocr-system' content='tesseract 3.04.00' />
  <meta name='ocr-capabilities' content='ocr_page ocr_carea ocr_par ocr_line ocrx_word'/>
</head>
<body>
  <div class='ocr_page' id='page_1' title='image "./reginaldimonach00regigoog_0232.png"; bbox 0 0 2924 4966; ppageno 0'>
   <div class='ocr_carea' id='block_1_1' title="bbox 161 375 949 441">
    <p class='ocr_par' dir='ltr' id='par_1_1' title="bbox 161 375 949 441">
     <span class='ocr_line' id='line_1_1' title="bbox 161 375 949 441; baseline -0.008 0"><span class='ocrx_word' id='word_1_1' title='bbox 161 375 235 441; x_wconf 69' lang='lat' dir='ltr'>alt</span> <span class='ocrx_word' id='word_1_2' title='bbox 514 386 732 436; x_wconf 73' lang='lat' dir='ltr'>nectuntur</span> <span class='ocrx_word' id='word_1_3' title='bbox 762 386 949 437; x_wconf 80' lang='lat' dir='ltr'>nonnoni</span> 
     </span>
    </p>
   </div>
   <div class='ocr_carea' id='block_1_2' title="bbox 128 548 1320 4485">
    <p class='ocr_par' dir='ltr' id='par_1_2' title="bbox 128 548 1320 4485">
     <span class='ocr_line' id='line_1_2' title="bbox 161 548 1319 640; baseline -0.003 -23"><span class='ocrx_word' id='word_1_4' title='bbox 161 549 429 640; x_wconf 87' lang='lat' dir='ltr'>reliqniis,dilutis</span> <span class='ocrx_word' id='word_1_5' title='bbox 442 572 596 636; x_wconf 88' lang='lat' dir='ltr'>aquarum</span> <span class='ocrx_word' id='word_1_6' title='bbox 608 548 782 626; x_wconf 86' lang='lat' dir='ltr'>fluentis,ei</span> <span class='ocrx_word' id='word_1_7' title='bbox 792 549 974 614; x_wconf 83' lang='lat' dir='ltr'><strong>antidotum</strong></span> <span class='ocrx_word' id='word_1_8' title='bbox 984 571 1170 635; x_wconf 75' lang='lat' dir='ltr'>praeparare</span> <span class='ocrx_word' id='word_1_9' title='bbox 1181 548 1319 614; x_wconf 90' lang='lat' dir='ltr'>destina-</span> 
     </span>
     <span class='ocr_line' id='line_1_3' title="bbox 162 637 1319 724; baseline 0 -22"><span class='ocrx_word' id='word_1_10' title='bbox 162 654 274 704; x_wconf 83' lang='lat' dir='ltr'>verant</span> <span class='ocrx_word' id='word_1_11' title='bbox 291 638 443 724; x_wconf 88' lang='lat' dir='ltr'>pocionis.</span> <span class='ocrx_word' id='word_1_12' title='bbox 492 638 643 723; x_wconf 75' lang='lat' dir='ltr'>Cypbmn</span> <span class='ocrx_word' id='word_1_13' title='bbox 659 637 768 724; x_wconf 87' lang='lat' dir='ltr'>itaque</span> <span class='ocrx_word' id='word_1_14' title='bbox 787 639 916 701; x_wconf 85' lang='lat' dir='ltr'>Sanctae</span> <span class='ocrx_word' id='word_1_15' title='bbox 928 637 1077 702; x_wconf 74' lang='lat' dir='ltr'>lllditlroe</span> <span class='ocrx_word' id='word_1_16' title='bbox 1114 637 1257 703; x_wconf 91' lang='lat' dir='ltr'>nondam</span> <span class='ocrx_word' id='word_1_17' title='bbox 1269 661 1319 702; x_wconf 84' lang='lat' dir='ltr'>re·</span> 
     </span>
     <span class='ocr_line' id='line_1_4' title="bbox 162 661 1319 811; baseline -0.002 -21"><span class='ocrx_word' id='word_1_18' title='bbox 162 728 247 811; x_wconf 89' lang='lat' dir='ltr'>ginae</span> <span class='ocrx_word' id='word_1_19' title='bbox 271 726 460 799; x_wconf 88' lang='lat' dir='ltr'>attulerunt,</span> <span class='ocrx_word' id='word_1_20' title='bbox 489 739 521 788; x_wconf 89' lang='lat' dir='ltr'>et</span> <span class='ocrx_word' id='word_1_21' title='bbox 547 725 636 810; x_wconf 79' lang='lat' dir='ltr'>aquis</span> <span class='ocrx_word' id='word_1_22' title='bbox 663 724 696 788; x_wconf 93' lang='lat' dir='ltr'>in</span> <span class='ocrx_word' id='word_1_23' title='bbox 723 725 829 810; x_wconf 78' lang='lat' dir='ltr'>cypho</span> <span class='ocrx_word' id='word_1_24' title='bbox 855 723 1014 803; x_wconf 84' lang='lat' dir='ltr'>immissis,</span> <span class='ocrx_word' id='word_1_25' title='bbox 1039 661 1201 789; x_wconf 78' lang='lat' dir='ltr'>nudatam</span> <span class='ocrx_word' id='word_1_26' title='bbox 1226 724 1319 811; x_wconf 92' lang='lat' dir='ltr'>panni</span> 
     </span>
     <span class='ocr_line' id='line_1_5' title="bbox 166 811 1317 897; baseline -0.001 -20"><span class='ocrx_word' id='word_1_27' title='bbox 166 814 275 877; x_wconf 79' lang='lat' dir='ltr'>Sancti</span> <span class='ocrx_word' id='word_1_28' title='bbox 288 811 458 878; x_wconf 86' lang='lat' dir='ltr'>Cuthberti</span> <span class='ocrx_word' id='word_1_29' title='bbox 476 812 665 897; x_wconf 85' lang='lat' dir='ltr'>particulam</span> <span class='ocrx_word' id='word_1_30' title='bbox 677 811 710 875; x_wconf 93' lang='lat' dir='ltr'>in</span> <span class='ocrx_word' id='word_1_31' title='bbox 726 811 801 896; x_wconf 89' lang='lat' dir='ltr'>ipsis</span> <span class='ocrx_word' id='word_1_32' title='bbox 811 812 958 877; x_wconf 90' lang='lat' dir='ltr'>laticibus</span> <span class='ocrx_word' id='word_1_33' title='bbox 969 811 1185 897; x_wconf 88' lang='lat' dir='ltr'>dimergendo</span> <span class='ocrx_word' id='word_1_34' title='bbox 1197 813 1317 877; x_wconf 90' lang='lat' dir='ltr'>diluere</span> 
     </span>
     <span class='ocr_line' id='line_1_6' title="bbox 162 899 1317 986; baseline -0.002 -21"><span class='ocrx_word' id='word_1_35' title='bbox 162 901 387 965; x_wconf 83' lang='lat' dir='ltr'>decreverunt.</span> <span class='ocrx_word' id='word_1_36' title='bbox 435 899 520 963; x_wconf 87' lang='lat' dir='ltr'>Mira</span> <span class='ocrx_word' id='word_1_37' title='bbox 543 901 613 964; x_wconf 81' lang='lat' dir='ltr'>res!</span> <span class='ocrx_word' id='word_1_38' title='bbox 636 899 795 982; x_wconf 90' lang='lat' dir='ltr'>particula</span> <span class='ocrx_word' id='word_1_39' title='bbox 816 899 871 963; x_wconf 92' lang='lat' dir='ltr'>illa</span> <span class='ocrx_word' id='word_1_40' title='bbox 892 899 924 963; x_wconf 92' lang='lat' dir='ltr'>in</span> <span class='ocrx_word' id='word_1_41' title='bbox 939 899 1030 985; x_wconf 91' lang='lat' dir='ltr'>aquis</span> <span class='ocrx_word' id='word_1_42' title='bbox 1046 900 1186 985; x_wconf 85' lang='lat' dir='ltr'>dimergi</span> <span class='ocrx_word' id='word_1_43' title='bbox 1202 902 1317 986; x_wconf 93' lang='lat' dir='ltr'>potuit,</span> 
     </span>
     <span class='ocr_line' id='line_1_7' title="bbox 162 986 1318 1074; baseline 0.001 -25"><span class='ocrx_word' id='word_1_44' title='bbox 162 988 220 1052; x_wconf 89' lang='lat' dir='ltr'>sed</span> <span class='ocrx_word' id='word_1_45' title='bbox 234 987 337 1051; x_wconf 91' lang='lat' dir='ltr'>diluta</span> <span class='ocrx_word' id='word_1_46' title='bbox 353 987 517 1050; x_wconf 82' lang='lat' dir='ltr'>madefieri</span> <span class='ocrx_word' id='word_1_47' title='bbox 533 986 664 1049; x_wconf 91' lang='lat' dir='ltr'>omnino</span> <span class='ocrx_word' id='word_1_48' title='bbox 684 1009 748 1049; x_wconf 93' lang='lat' dir='ltr'>non</span> <span class='ocrx_word' id='word_1_49' title='bbox 770 987 888 1071; x_wconf 91' lang='lat' dir='ltr'>potuit.</span> <span class='ocrx_word' id='word_1_50' title='bbox 936 988 1040 1074; x_wconf 85' lang='lat' dir='ltr'>Aquae</span> <span class='ocrx_word' id='word_1_51' title='bbox 1055 1010 1131 1051; x_wconf 92' lang='lat' dir='ltr'>eam</span> <span class='ocrx_word' id='word_1_52' title='bbox 1146 987 1318 1052; x_wconf 88' lang='lat' dir='ltr'>ambiendo</span> 
     </span>
     <span class='ocr_line' id='line_1_8' title="bbox 162 1073 1319 1160; baseline 0 -22"><span class='ocrx_word' id='word_1_53' title='bbox 162 1075 383 1151; x_wconf 90' lang='lat' dir='ltr'>circumibant,</span> <span class='ocrx_word' id='word_1_54' title='bbox 401 1087 434 1137; x_wconf 92' lang='lat' dir='ltr'>et</span> <span class='ocrx_word' id='word_1_55' title='bbox 457 1074 660 1137; x_wconf 91' lang='lat' dir='ltr'>allambendo</span> <span class='ocrx_word' id='word_1_56' title='bbox 682 1074 768 1138; x_wconf 92' lang='lat' dir='ltr'>illam</span> <span class='ocrx_word' id='word_1_57' title='bbox 791 1073 958 1160; x_wconf 77' lang='lat' dir='ltr'>lenibsque</span> <span class='ocrx_word' id='word_1_58' title='bbox 983 1075 1160 1159; x_wconf 89' lang='lat' dir='ltr'>tangendo,</span> <span class='ocrx_word' id='word_1_59' title='bbox 1177 1074 1319 1139; x_wconf 85' lang='lat' dir='ltr'>madefa-</span> 
     </span>
     <span class='ocr_line' id='line_1_9' title="bbox 162 1160 1319 1247; baseline 0 -21"><span class='ocrx_word' id='word_1_60' title='bbox 162 1185 235 1226; x_wconf 87' lang='lat' dir='ltr'>cere</span> <span class='ocrx_word' id='word_1_61' title='bbox 251 1184 315 1225; x_wconf 92' lang='lat' dir='ltr'>non</span> <span class='ocrx_word' id='word_1_62' title='bbox 331 1162 500 1236; x_wconf 82' lang='lat' dir='ltr'>valebant3</span> <span class='ocrx_word' id='word_1_63' title='bbox 516 1160 644 1247; x_wconf 91' lang='lat' dir='ltr'>lenique</span> <span class='ocrx_word' id='word_1_64' title='bbox 660 1184 733 1225; x_wconf 91' lang='lat' dir='ltr'>eum</span> <span class='ocrx_word' id='word_1_65' title='bbox 749 1161 971 1225; x_wconf 90' lang='lat' dir='ltr'>blandimento</span> <span class='ocrx_word' id='word_1_66' title='bbox 986 1161 1154 1226; x_wconf 90' lang='lat' dir='ltr'>alluebant</span> <span class='ocrx_word' id='word_1_67' title='bbox 1169 1176 1204 1226; x_wconf 92' lang='lat' dir='ltr'>et</span> <span class='ocrx_word' id='word_1_68' title='bbox 1220 1161 1319 1247; x_wconf 89' lang='lat' dir='ltr'>palpi-</span> 
     </span>
     <span class='ocr_line' id='line_1_10' title="bbox 162 1248 1318 1337; baseline 0.001 -25"><span class='ocrx_word' id='word_1_69' title='bbox 162 1250 244 1314; x_wconf 85' lang='lat' dir='ltr'>tanti</span> <span class='ocrx_word' id='word_1_70' title='bbox 267 1248 431 1312; x_wconf 83' lang='lat' dir='ltr'>suavitatis</span> <span class='ocrx_word' id='word_1_71' title='bbox 454 1248 625 1313; x_wconf 90' lang='lat' dir='ltr'>dulcedine</span> <span class='ocrx_word' id='word_1_72' title='bbox 648 1248 889 1333; x_wconf 88' lang='lat' dir='ltr'>contingebant.</span> <span class='ocrx_word' id='word_1_73' title='bbox 940 1248 1068 1313; x_wconf 91' lang='lat' dir='ltr'>Natura</span> <span class='ocrx_word' id='word_1_74' title='bbox 1091 1271 1172 1333; x_wconf 91' lang='lat' dir='ltr'>ergo</span> <span class='ocrx_word' id='word_1_75' title='bbox 1199 1272 1318 1337; x_wconf 89' lang='lat' dir='ltr'>aquosa</span> 
     </span>
     <span class='ocr_line' id='line_1_11' title="bbox 161 1335 1320 1421; baseline 0.001 -22"><span class='ocrx_word' id='word_1_76' title='bbox 161 1337 330 1400; x_wconf 88' lang='lat' dir='ltr'>humorem</span> <span class='ocrx_word' id='word_1_77' title='bbox 352 1335 514 1413; x_wconf 89' lang='lat' dir='ltr'>amiserat,</span> <span class='ocrx_word' id='word_1_78' title='bbox 530 1349 563 1400; x_wconf 90' lang='lat' dir='ltr'>et</span> <span class='ocrx_word' id='word_1_79' title='bbox 587 1335 753 1399; x_wconf 83' lang='lat' dir='ltr'>madentes</span> <span class='ocrx_word' id='word_1_80' title='bbox 768 1337 851 1399; x_wconf 89' lang='lat' dir='ltr'>vires</span> <span class='ocrx_word' id='word_1_81' title='bbox 873 1335 1007 1400; x_wconf 90' lang='lat' dir='ltr'>humida</span> <span class='ocrx_word' id='word_1_82' title='bbox 1028 1335 1118 1400; x_wconf 92' lang='lat' dir='ltr'>unda</span> <span class='ocrx_word' id='word_1_83' title='bbox 1140 1337 1320 1421; x_wconf 87' lang='lat' dir='ltr'>ignorando</span> 
     </span>
     <span class='ocr_line' id='line_1_12' title="bbox 161 1422 1318 1508; baseline 0.001 -21"><span class='ocrx_word' id='word_1_84' title='bbox 161 1438 308 1488; x_wconf 86' lang='lat' dir='ltr'>exuerat.</span> <span class='ocrx_word' id='word_1_85' title='bbox 357 1423 560 1486; x_wconf 85' lang='lat' dir='ltr'>Elementum</span> <span class='ocrx_word' id='word_1_86' title='bbox 588 1422 771 1487; x_wconf 83' lang='lat' dir='ltr'>insensibile</span> <span class='ocrx_word' id='word_1_87' title='bbox 793 1423 891 1508; x_wconf 91' lang='lat' dir='ltr'>panni</span> <span class='ocrx_word' id='word_1_88' title='bbox 913 1423 1093 1487; x_wconf 84' lang='lat' dir='ltr'>sacratioris</span> <span class='ocrx_word' id='word_1_89' title='bbox 1109 1437 1256 1489; x_wconf 86' lang='lat' dir='ltr'>senserat</span> <span class='ocrx_word' id='word_1_90' title='bbox 1270 1448 1318 1488; x_wconf 91' lang='lat' dir='ltr'>sa-</span> 
     </span>
     <span class='ocr_line' id='line_1_13' title="bbox 161 1509 1316 1597; baseline -0.001 -22"><span class='ocrx_word' id='word_1_91' title='bbox 161 1525 371 1588; x_wconf 87' lang='lat' dir='ltr'>cramentum,</span> <span class='ocrx_word' id='word_1_92' title='bbox 400 1523 433 1574; x_wconf 92' lang='lat' dir='ltr'>et</span> <span class='ocrx_word' id='word_1_93' title='bbox 460 1509 584 1574; x_wconf 83' lang='lat' dir='ltr'>visibile</span> <span class='ocrx_word' id='word_1_94' title='bbox 611 1510 758 1574; x_wconf 84' lang='lat' dir='ltr'>exhibuit</span> <span class='ocrx_word' id='word_1_95' title='bbox 782 1509 952 1575; x_wconf 86' lang='lat' dir='ltr'>servitutis·</span> <span class='ocrx_word' id='word_1_96' title='bbox 970 1511 1162 1597; x_wconf 87' lang='lat' dir='ltr'>obsequium</span> <span class='ocrx_word' id='word_1_97' title='bbox 1187 1526 1222 1576; x_wconf 92' lang='lat' dir='ltr'>et</span> <span class='ocrx_word' id='word_1_98' title='bbox 1245 1511 1316 1576; x_wconf 82' lang='lat' dir='ltr'>novi</span> 
     </span>
     <span class='ocr_line' id='line_1_14' title="bbox 160 1596 1316 1686; baseline 0 -24"><span class='ocrx_word' id='word_1_99' title='bbox 160 1598 293 1662; x_wconf 84' lang='lat' dir='ltr'>misterii</span> <span class='ocrx_word' id='word_1_100' title='bbox 308 1597 560 1662; x_wconf 88' lang='lat' dir='ltr'>condimentum.</span> <span class='ocrx_word' id='word_1_101' title='bbox 607 1596 693 1661; x_wconf 87' lang='lat' dir='ltr'>Nam</span> <span class='ocrx_word' id='word_1_102' title='bbox 710 1599 780 1682; x_wconf 85' lang='lat' dir='ltr'>jam</span> <span class='ocrx_word' id='word_1_103' title='bbox 799 1612 946 1662; x_wconf 90' lang='lat' dir='ltr'>naturam</span> <span class='ocrx_word' id='word_1_104' title='bbox 961 1620 1052 1662; x_wconf 91' lang='lat' dir='ltr'>suam</span> <span class='ocrx_word' id='word_1_105' title='bbox 1066 1621 1154 1686; x_wconf 92' lang='lat' dir='ltr'>aqua</span> <span class='ocrx_word' id='word_1_106' title='bbox 1175 1598 1316 1664; x_wconf 89' lang='lat' dir='ltr'>humoris</span> 
     </span>
     <span class='ocr_line' id='line_1_15' title="bbox 161 1684 1317 1772; baseline 0 -22"><span class='ocrx_word' id='word_1_107' title='bbox 161 1701 308 1764; x_wconf 86' lang='lat' dir='ltr'>exuerat,</span> <span class='ocrx_word' id='word_1_108' title='bbox 325 1686 402 1749; x_wconf 93' lang='lat' dir='ltr'>dum</span> <span class='ocrx_word' id='word_1_109' title='bbox 426 1685 611 1769; x_wconf 84' lang='lat' dir='ltr'>pigneribus</span> <span class='ocrx_word' id='word_1_110' title='bbox 627 1684 722 1749; x_wconf 89' lang='lat' dir='ltr'>sacris</span> <span class='ocrx_word' id='word_1_111' title='bbox 738 1685 970 1749; x_wconf 79' lang='lat' dir='ltr'>madefaciendi</span> <span class='ocrx_word' id='word_1_112' title='bbox 993 1684 1147 1750; x_wconf 84' lang='lat' dir='ltr'>laesuram</span> <span class='ocrx_word' id='word_1_113' title='bbox 1169 1686 1317 1772; x_wconf 85' lang='lat' dir='ltr'>ingerere</span> 
     </span>
     <span class='ocr_line' id='line_1_16' title="bbox 160 1771 1314 1858; baseline 0.003 -23"><span class='ocrx_word' id='word_1_114' title='bbox 160 1773 289 1840; x_wconf 71' lang='lat' dir='ltr'>minime</span> <span class='ocrx_word' id='word_1_115' title='bbox 305 1774 553 1858; x_wconf 75' lang='lat' dir='ltr'>praesumebant.</span> <span class='ocrx_word' id='word_1_116' title='bbox 602 1772 645 1836; x_wconf 83' lang='lat' dir='ltr'>Et</span> <span class='ocrx_word' id='word_1_117' title='bbox 660 1772 836 1837; x_wconf 87' lang='lat' dir='ltr'>sanctitatis</span> <span class='ocrx_word' id='word_1_118' title='bbox 855 1771 950 1836; x_wconf 88' lang='lat' dir='ltr'>Beati</span> <span class='ocrx_word' id='word_1_119' title='bbox 968 1772 1142 1837; x_wconf 87' lang='lat' dir='ltr'>Cuthberti</span> <span class='ocrx_word' id='word_1_120' title='bbox 1162 1774 1314 1838; x_wconf 84' lang='lat' dir='ltr'>virtutem</span> 
     </span>
     <span class='ocr_line' id='line_1_17' title="bbox 160 1859 1314 1946; baseline 0.003 -25"><span class='ocrx_word' id='word_1_121' title='bbox 160 1874 314 1938; x_wconf 86' lang='lat' dir='ltr'>senserat,</span> <span class='ocrx_word' id='word_1_122' title='bbox 331 1884 404 1946; x_wconf 71' lang='lat' dir='ltr'>quae</span> <span class='ocrx_word' id='word_1_123' title='bbox 427 1859 626 1923; x_wconf 86' lang='lat' dir='ltr'>discretionis</span> <span class='ocrx_word' id='word_1_124' title='bbox 648 1860 834 1924; x_wconf 86' lang='lat' dir='ltr'>memoriam</span> <span class='ocrx_word' id='word_1_125' title='bbox 858 1860 1046 1924; x_wconf 86' lang='lat' dir='ltr'>naturaliter</span> <span class='ocrx_word' id='word_1_126' title='bbox 1069 1883 1136 1924; x_wconf 92' lang='lat' dir='ltr'>non</span> <span class='ocrx_word' id='word_1_127' title='bbox 1162 1861 1314 1926; x_wconf 84' lang='lat' dir='ltr'>babebat.</span> 
     </span>
     <span class='ocr_line' id='line_1_18' title="bbox 162 1947 1315 2036; baseline 0 -25"><span class='ocrx_word' id='word_1_128' title='bbox 162 1947 318 2013; x_wconf 90' lang='lat' dir='ltr'>Mulieres</span> <span class='ocrx_word' id='word_1_129' title='bbox 333 1948 408 2024; x_wconf 76' lang='lat' dir='ltr'>illae,</span> <span class='ocrx_word' id='word_1_130' title='bbox 425 1948 634 2033; x_wconf 85' lang='lat' dir='ltr'>obstupentes</span> <span class='ocrx_word' id='word_1_131' title='bbox 651 1962 800 2024; x_wconf 87' lang='lat' dir='ltr'>tremore,</span> <span class='ocrx_word' id='word_1_132' title='bbox 817 1960 905 2011; x_wconf 91' lang='lat' dir='ltr'>artus</span> <span class='ocrx_word' id='word_1_133' title='bbox 921 1960 1159 2026; x_wconf 83' lang='lat' dir='ltr'>concusserunt,</span> <span class='ocrx_word' id='word_1_134' title='bbox 1177 1962 1222 2027; x_wconf 92' lang='lat' dir='ltr'>et,</span> <span class='ocrx_word' id='word_1_135' title='bbox 1239 1948 1315 2036; x_wconf 89' lang='lat' dir='ltr'>quid</span> 
     </span>
     <span class='ocr_line' id='line_1_19' title="bbox 161 2034 1313 2123; baseline 0.002 -25"><span class='ocrx_word' id='word_1_136' title='bbox 161 2036 241 2098; x_wconf 89' lang='lat' dir='ltr'>tanti</span> <span class='ocrx_word' id='word_1_137' title='bbox 256 2035 338 2119; x_wconf 89' lang='lat' dir='ltr'>signi</span> <span class='ocrx_word' id='word_1_138' title='bbox 353 2034 491 2118; x_wconf 87' lang='lat' dir='ltr'>dignitas</span> <span class='ocrx_word' id='word_1_139' title='bbox 506 2035 726 2119; x_wconf 90' lang='lat' dir='ltr'>portenderet,</span> <span class='ocrx_word' id='word_1_140' title='bbox 743 2035 955 2099; x_wconf 84' lang='lat' dir='ltr'>haesitabant:</span> <span class='ocrx_word' id='word_1_141' title='bbox 972 2034 1140 2122; x_wconf 87' lang='lat' dir='ltr'>digitoque</span> <span class='ocrx_word' id='word_1_142' title='bbox 1158 2059 1258 2123; x_wconf 89' lang='lat' dir='ltr'>usque</span> <span class='ocrx_word' id='word_1_143' title='bbox 1273 2035 1313 2100; x_wconf 92' lang='lat' dir='ltr'>ad</span> 
     </span>
     <span class='ocr_line' id='line_1_20' title="bbox 159 2122 1315 2208; baseline 0 -23"><span class='ocrx_word' id='word_1_144' title='bbox 159 2122 251 2186; x_wconf 83' lang='lat' dir='ltr'>fundi</span> <span class='ocrx_word' id='word_1_145' title='bbox 267 2122 418 2186; x_wconf 85' lang='lat' dir='ltr'>inferiora</span> <span class='ocrx_word' id='word_1_146' title='bbox 428 2145 524 2208; x_wconf 91' lang='lat' dir='ltr'>quam</span> <span class='ocrx_word' id='word_1_147' title='bbox 540 2122 655 2207; x_wconf 87' lang='lat' dir='ltr'>saepius</span> <span class='ocrx_word' id='word_1_148' title='bbox 671 2145 742 2186; x_wconf 90' lang='lat' dir='ltr'>eam</span> <span class='ocrx_word' id='word_1_149' title='bbox 754 2122 991 2208; x_wconf 87' lang='lat' dir='ltr'>impresserant,</span> <span class='ocrx_word' id='word_1_150' title='bbox 1002 2122 1076 2199; x_wconf 84' lang='lat' dir='ltr'>licet</span> <span class='ocrx_word' id='word_1_151' title='bbox 1089 2136 1124 2187; x_wconf 90' lang='lat' dir='ltr'>et</span> <span class='ocrx_word' id='word_1_152' title='bbox 1136 2122 1222 2188; x_wconf 90' lang='lat' dir='ltr'>inter</span> <span class='ocrx_word' id='word_1_153' title='bbox 1232 2123 1315 2208; x_wconf 87' lang='lat' dir='ltr'>digi-</span> 
     </span>
     <span class='ocr_line' id='line_1_21' title="bbox 160 2209 1313 2295; baseline 0.002 -24"><span class='ocrx_word' id='word_1_154' title='bbox 160 2222 209 2272; x_wconf 93' lang='lat' dir='ltr'>tos</span> <span class='ocrx_word' id='word_1_155' title='bbox 225 2233 296 2274; x_wconf 93' lang='lat' dir='ltr'>eam</span> <span class='ocrx_word' id='word_1_156' title='bbox 321 2231 394 2273; x_wconf 92' lang='lat' dir='ltr'>cum</span> <span class='ocrx_word' id='word_1_157' title='bbox 419 2209 509 2295; x_wconf 91' lang='lat' dir='ltr'>aquis</span> <span class='ocrx_word' id='word_1_158' title='bbox 533 2209 744 2274; x_wconf 85' lang='lat' dir='ltr'>confricantes</span> <span class='ocrx_word' id='word_1_159' title='bbox 770 2209 890 2273; x_wconf 88' lang='lat' dir='ltr'>diutius</span> <span class='ocrx_word' id='word_1_160' title='bbox 916 2210 1086 2274; x_wconf 87' lang='lat' dir='ltr'>humorem</span> <span class='ocrx_word' id='word_1_161' title='bbox 1109 2210 1258 2295; x_wconf 82' lang='lat' dir='ltr'>ingerere</span> <span class='ocrx_word' id='word_1_162' title='bbox 1283 2210 1313 2275; x_wconf 92' lang='lat' dir='ltr'>ei</span> 
     </span>
     <span class='ocr_line' id='line_1_22' title="bbox 159 2296 1313 2384; baseline 0.001 -24"><span class='ocrx_word' id='word_1_163' title='bbox 159 2296 287 2380; x_wconf 89' lang='lat' dir='ltr'>penitus</span> <span class='ocrx_word' id='word_1_164' title='bbox 310 2320 375 2359; x_wconf 94' lang='lat' dir='ltr'>non</span> <span class='ocrx_word' id='word_1_165' title='bbox 390 2297 551 2361; x_wconf 89' lang='lat' dir='ltr'>valebant.</span> <span class='ocrx_word' id='word_1_166' title='bbox 598 2297 755 2361; x_wconf 90' lang='lat' dir='ltr'>Mirantes</span> <span class='ocrx_word' id='word_1_167' title='bbox 771 2297 911 2384; x_wconf 87' lang='lat' dir='ltr'>denique</span> <span class='ocrx_word' id='word_1_168' title='bbox 933 2297 1124 2382; x_wconf 88' lang='lat' dir='ltr'>particulam</span> <span class='ocrx_word' id='word_1_169' title='bbox 1144 2297 1235 2363; x_wconf 92' lang='lat' dir='ltr'>illam</span> <span class='ocrx_word' id='word_1_170' title='bbox 1257 2321 1313 2362; x_wconf 87' lang='lat' dir='ltr'>ex·</span> 
     </span>
     <span class='ocr_line' id='line_1_23' title="bbox 159 2384 1312 2468; baseline 0.002 -22"><span class='ocrx_word' id='word_1_171' title='bbox 159 2396 340 2460; x_wconf 87' lang='lat' dir='ltr'>traxerunt,</span> <span class='ocrx_word' id='word_1_172' title='bbox 365 2397 399 2448; x_wconf 91' lang='lat' dir='ltr'>et</span> <span class='ocrx_word' id='word_1_173' title='bbox 422 2384 517 2468; x_wconf 88' lang='lat' dir='ltr'>cipho</span> <span class='ocrx_word' id='word_1_174' title='bbox 539 2397 660 2460; x_wconf 91' lang='lat' dir='ltr'>amoto,</span> <span class='ocrx_word' id='word_1_175' title='bbox 684 2407 755 2448; x_wconf 91' lang='lat' dir='ltr'>eam</span> <span class='ocrx_word' id='word_1_176' title='bbox 779 2384 894 2448; x_wconf 91' lang='lat' dir='ltr'>iterum</span> <span class='ocrx_word' id='word_1_177' title='bbox 915 2384 1076 2449; x_wconf 86' lang='lat' dir='ltr'>lenissimo</span> <span class='ocrx_word' id='word_1_178' title='bbox 1101 2385 1312 2450; x_wconf 87' lang='lat' dir='ltr'>blandimenti</span> 
     </span>
     <span class='ocr_line' id='line_1_24' title="bbox 159 2470 1312 2558; baseline 0.003 -24"><span class='ocrx_word' id='word_1_179' title='bbox 159 2484 282 2535; x_wconf 85' lang='lat' dir='ltr'>attactu</span> <span class='ocrx_word' id='word_1_180' title='bbox 312 2470 396 2534; x_wconf 87' lang='lat' dir='ltr'>inter</span> <span class='ocrx_word' id='word_1_181' title='bbox 422 2472 634 2535; x_wconf 73' lang='lat' dir='ltr'>confricantes</span> <span class='ocrx_word' id='word_1_182' title='bbox 661 2471 779 2557; x_wconf 89' lang='lat' dir='ltr'>digitos</span> <span class='ocrx_word' id='word_1_183' title='bbox 805 2472 1048 2558; x_wconf 88' lang='lat' dir='ltr'>aliquantulum,</span> <span class='ocrx_word' id='word_1_184' title='bbox 1074 2484 1112 2536; x_wconf 93' lang='lat' dir='ltr'>ut</span> <span class='ocrx_word' id='word_1_185' title='bbox 1138 2474 1185 2536; x_wconf 91' lang='lat' dir='ltr'>eis</span> <span class='ocrx_word' id='word_1_186' title='bbox 1212 2474 1312 2537; x_wconf 89' lang='lat' dir='ltr'>visum</span> 
     </span>
     <span class='ocr_line' id='line_1_25' title="bbox 158 2558 1313 2647; baseline 0.002 -26"><span class='ocrx_word' id='word_1_187' title='bbox 158 2558 275 2636; x_wconf 83' lang='lat' dir='ltr'>fuerat,</span> <span class='ocrx_word' id='word_1_188' title='bbox 294 2559 454 2621; x_wconf 91' lang='lat' dir='ltr'>madidam</span> <span class='ocrx_word' id='word_1_189' title='bbox 478 2559 666 2623; x_wconf 89' lang='lat' dir='ltr'>effecerunt.</span> <span class='ocrx_word' id='word_1_190' title='bbox 713 2559 796 2623; x_wconf 87' lang='lat' dir='ltr'>Mox</span> <span class='ocrx_word' id='word_1_191' title='bbox 813 2582 889 2624; x_wconf 88' lang='lat' dir='ltr'>vero</span> <span class='ocrx_word' id='word_1_192' title='bbox 912 2559 953 2624; x_wconf 91' lang='lat' dir='ltr'>de</span> <span class='ocrx_word' id='word_1_193' title='bbox 976 2559 1066 2647; x_wconf 88' lang='lat' dir='ltr'>aquis</span> <span class='ocrx_word' id='word_1_194' title='bbox 1081 2559 1242 2645; x_wconf 91' lang='lat' dir='ltr'>particula</span> <span class='ocrx_word' id='word_1_195' title='bbox 1255 2583 1313 2626; x_wconf 87' lang='lat' dir='ltr'>ex·</span> 
     </span>
     <span class='ocr_line' id='line_1_26' title="bbox 158 2645 1310 2733; baseline 0.003 -24"><span class='ocrx_word' id='word_1_196' title='bbox 158 2659 262 2709; x_wconf 90' lang='lat' dir='ltr'>tracta</span> <span class='ocrx_word' id='word_1_197' title='bbox 284 2645 368 2709; x_wconf 90' lang='lat' dir='ltr'>sicca</span> <span class='ocrx_word' id='word_1_198' title='bbox 383 2646 541 2730; x_wconf 89' lang='lat' dir='ltr'>apparuit,</span> <span class='ocrx_word' id='word_1_199' title='bbox 559 2660 592 2710; x_wconf 90' lang='lat' dir='ltr'>et</span> <span class='ocrx_word' id='word_1_200' title='bbox 607 2646 697 2733; x_wconf 92' lang='lat' dir='ltr'>qnasi</span> <span class='ocrx_word' id='word_1_201' title='bbox 721 2669 884 2733; x_wconf 91' lang='lat' dir='ltr'>nunquam</span> <span class='ocrx_word' id='word_1_202' title='bbox 907 2648 993 2732; x_wconf 92' lang='lat' dir='ltr'>prius</span> <span class='ocrx_word' id='word_1_203' title='bbox 1020 2647 1188 2712; x_wconf 89' lang='lat' dir='ltr'>madidata</span> <span class='ocrx_word' id='word_1_204' title='bbox 1202 2648 1310 2726; x_wconf 87' lang='lat' dir='ltr'>fuerit,</span> 
     </span>
     <span class='ocr_line' id='line_1_27' title="bbox 157 2732 1312 2824; baseline 0.004 -29"><span class='ocrx_word' id='word_1_205' title='bbox 157 2734 273 2797; x_wconf 91' lang='lat' dir='ltr'>nullius</span> <span class='ocrx_word' id='word_1_206' title='bbox 290 2732 322 2795; x_wconf 93' lang='lat' dir='ltr'>in</span> <span class='ocrx_word' id='word_1_207' title='bbox 334 2735 372 2796; x_wconf 68' lang='lat' dir='ltr'>ed</span> <span class='ocrx_word' id='word_1_208' title='bbox 383 2733 525 2796; x_wconf 91' lang='lat' dir='ltr'>humoris</span> <span class='ocrx_word' id='word_1_209' title='bbox 534 2733 705 2817; x_wconf 88' lang='lat' dir='ltr'>vestigium</span> <span class='ocrx_word' id='word_1_210' title='bbox 720 2756 874 2818; x_wconf 89' lang='lat' dir='ltr'>apparere</span> <span class='ocrx_word' id='word_1_211' title='bbox 889 2734 1069 2820; x_wconf 71' lang='lat' dir='ltr'>praevaluit.</span> <span class='ocrx_word' id='word_1_212' title='bbox 1119 2734 1205 2809; x_wconf 70' lang='lat' dir='ltr'>Quae</span> <span class='ocrx_word' id='word_1_213' title='bbox 1215 2758 1312 2824; x_wconf 86' lang='lat' dir='ltr'>aquas</span> 
     </span>
     <span class='ocr_line' id='line_1_28' title="bbox 157 2820 1311 2907; baseline 0.003 -23"><span class='ocrx_word' id='word_1_214' title='bbox 157 2821 240 2906; x_wconf 88' lang='lat' dir='ltr'>ipsas</span> <span class='ocrx_word' id='word_1_215' title='bbox 255 2821 412 2907; x_wconf 86' lang='lat' dir='ltr'>praedicto</span> <span class='ocrx_word' id='word_1_216' title='bbox 422 2820 535 2905; x_wconf 89' lang='lat' dir='ltr'>juveni</span> <span class='ocrx_word' id='word_1_217' title='bbox 550 2821 764 2906; x_wconf 89' lang='lat' dir='ltr'>propinandas</span> <span class='ocrx_word' id='word_1_218' title='bbox 777 2821 965 2907; x_wconf 91' lang='lat' dir='ltr'>porrigunt;</span> <span class='ocrx_word' id='word_1_219' title='bbox 980 2836 1014 2886; x_wconf 91' lang='lat' dir='ltr'>et</span> <span class='ocrx_word' id='word_1_220' title='bbox 1029 2821 1124 2886; x_wconf 91' lang='lat' dir='ltr'>Beati</span> <span class='ocrx_word' id='word_1_221' title='bbox 1137 2822 1311 2888; x_wconf 90' lang='lat' dir='ltr'>Cuthberti</span> 
     </span>
     <span class='ocr_line' id='line_1_29' title="bbox 157 2908 1312 2995; baseline 0.003 -23"><span class='ocrx_word' id='word_1_222' title='bbox 157 2909 187 2972; x_wconf 89' lang='lat' dir='ltr'>ei</span> <span class='ocrx_word' id='word_1_223' title='bbox 210 2909 388 2995; x_wconf 90' lang='lat' dir='ltr'>potentiam</span> <span class='ocrx_word' id='word_1_224' title='bbox 411 2908 635 2993; x_wconf 87' lang='lat' dir='ltr'>praedicantes,</span> <span class='ocrx_word' id='word_1_225' title='bbox 652 2909 810 2995; x_wconf 89' lang='lat' dir='ltr'>hujusque</span> <span class='ocrx_word' id='word_1_226' title='bbox 831 2909 1042 2995; x_wconf 80' lang='lat' dir='ltr'>praecedentis</span> <span class='ocrx_word' id='word_1_227' title='bbox 1057 2909 1088 2973; x_wconf 90' lang='lat' dir='ltr'>ei</span> <span class='ocrx_word' id='word_1_228' title='bbox 1103 2909 1251 2975; x_wconf 87' lang='lat' dir='ltr'>miraculi</span> <span class='ocrx_word' id='word_1_229' title='bbox 1264 2910 1312 2975; x_wconf 79' lang='lat' dir='ltr'>ef·</span> 
     </span>
     <span class='ocr_line' id='line_1_30' title="bbox 157 2995 1310 3083; baseline 0.003 -23"><span class='ocrx_word' id='word_1_230' title='bbox 157 2997 300 3062; x_wconf 90' lang='lat' dir='ltr'>ficaciam</span> <span class='ocrx_word' id='word_1_231' title='bbox 327 2996 514 3071; x_wconf 89' lang='lat' dir='ltr'>indicantes,</span> <span class='ocrx_word' id='word_1_232' title='bbox 543 2995 690 3059; x_wconf 90' lang='lat' dir='ltr'>universa</span> <span class='ocrx_word' id='word_1_233' title='bbox 716 3019 789 3083; x_wconf 86' lang='lat' dir='ltr'>quae</span> <span class='ocrx_word' id='word_1_234' title='bbox 819 2997 1068 3082; x_wconf 69' lang='lat' dir='ltr'>praescripsimus</span> <span class='ocrx_word' id='word_1_235' title='bbox 1094 2996 1141 3060; x_wconf 93' lang='lat' dir='ltr'>illi</span> <span class='ocrx_word' id='word_1_236' title='bbox 1167 2998 1310 3063; x_wconf 89' lang='lat' dir='ltr'>seriatim</span> 
     </span>
     <span class='ocr_line' id='line_1_31' title="bbox 156 3082 1310 3169; baseline 0.004 -23"><span class='ocrx_word' id='word_1_237' title='bbox 156 3085 388 3169; x_wconf 67' lang='lat' dir='ltr'>praedixerunt.</span> <span class='ocrx_word' id='word_1_238' title='bbox 438 3082 536 3148; x_wconf 92' lang='lat' dir='ltr'>Unde</span> <span class='ocrx_word' id='word_1_239' title='bbox 558 3083 741 3166; x_wconf 90' lang='lat' dir='ltr'>hujusmodi</span> <span class='ocrx_word' id='word_1_240' title='bbox 764 3084 914 3168; x_wconf 89' lang='lat' dir='ltr'>exemplo</span> <span class='ocrx_word' id='word_1_241' title='bbox 929 3084 1034 3169; x_wconf 89' lang='lat' dir='ltr'>operis</span> <span class='ocrx_word' id='word_1_242' title='bbox 1053 3084 1261 3169; x_wconf 85' lang='lat' dir='ltr'>magnificare</span> <span class='ocrx_word' id='word_1_243' title='bbox 1276 3098 1310 3151; x_wconf 89' lang='lat' dir='ltr'>et</span> 
     </span>
     <span class='ocr_line' id='line_1_32' title="bbox 156 3169 1310 3258; baseline 0.002 -24"><span class='ocrx_word' id='word_1_244' title='bbox 156 3194 316 3236; x_wconf 87' lang='lat' dir='ltr'>exacuere</span> <span class='ocrx_word' id='word_1_245' title='bbox 333 3172 501 3236; x_wconf 89' lang='lat' dir='ltr'>voluerant</span> <span class='ocrx_word' id='word_1_246' title='bbox 523 3169 621 3254; x_wconf 91' lang='lat' dir='ltr'>ipsius</span> <span class='ocrx_word' id='word_1_247' title='bbox 645 3171 821 3255; x_wconf 88' lang='lat' dir='ltr'>penetralia</span> <span class='ocrx_word' id='word_1_248' title='bbox 835 3171 1028 3236; x_wconf 87' lang='lat' dir='ltr'>devotionis.</span> <span class='ocrx_word' id='word_1_249' title='bbox 1073 3172 1127 3236; x_wconf 94' lang='lat' dir='ltr'>De</span> <span class='ocrx_word' id='word_1_250' title='bbox 1143 3173 1237 3258; x_wconf 90' lang='lat' dir='ltr'>cujus</span> <span class='ocrx_word' id='word_1_251' title='bbox 1253 3195 1310 3238; x_wconf 86' lang='lat' dir='ltr'>ex·</span> 
     </span>
     <span class='ocr_line' id='line_1_33' title="bbox 156 3258 1310 3344; baseline 0.003 -22"><span class='ocrx_word' id='word_1_252' title='bbox 156 3259 254 3344; x_wconf 93' lang='lat' dir='ltr'>empli</span> <span class='ocrx_word' id='word_1_253' title='bbox 276 3259 404 3335; x_wconf 69' lang='lat' dir='ltr'>fiducia,</span> <span class='ocrx_word' id='word_1_254' title='bbox 425 3258 493 3343; x_wconf 89' lang='lat' dir='ltr'>spei</span> <span class='ocrx_word' id='word_1_255' title='bbox 516 3272 682 3341; x_wconf 86' lang='lat' dir='ltr'>conceptae</span> <span class='ocrx_word' id='word_1_256' title='bbox 701 3259 854 3323; x_wconf 91' lang='lat' dir='ltr'>roborans</span> <span class='ocrx_word' id='word_1_257' title='bbox 877 3258 1085 3336; x_wconf 88' lang='lat' dir='ltr'>incrementa,</span> <span class='ocrx_word' id='word_1_258' title='bbox 1110 3281 1185 3324; x_wconf 93' lang='lat' dir='ltr'>cum</span> <span class='ocrx_word' id='word_1_259' title='bbox 1208 3260 1310 3325; x_wconf 65' lang='lat' dir='ltr'>multi</span> 
     </span>
     <span class='ocr_line' id='line_1_34' title="bbox 155 3345 1309 3432; baseline 0.003 -24"><span class='ocrx_word' id='word_1_260' title='bbox 155 3346 330 3410; x_wconf 83' lang='lat' dir='ltr'>devotione</span> <span class='ocrx_word' id='word_1_261' title='bbox 352 3345 495 3422; x_wconf 84' lang='lat' dir='ltr'>accessit,</span> <span class='ocrx_word' id='word_1_262' title='bbox 521 3368 683 3432; x_wconf 90' lang='lat' dir='ltr'>aquasque</span> <span class='ocrx_word' id='word_1_263' title='bbox 706 3345 774 3409; x_wconf 89' lang='lat' dir='ltr'>illas</span> <span class='ocrx_word' id='word_1_264' title='bbox 798 3347 1019 3411; x_wconf 87' lang='lat' dir='ltr'>exhauriendo</span> <span class='ocrx_word' id='word_1_265' title='bbox 1041 3346 1178 3432; x_wconf 89' lang='lat' dir='ltr'>potavit.</span> <span class='ocrx_word' id='word_1_266' title='bbox 1238 3346 1309 3412; x_wconf 87' lang='lat' dir='ltr'>Nee</span> 
     </span>
     <span class='ocr_line' id='line_1_35' title="bbox 155 3431 1308 3519; baseline 0.003 -24"><span class='ocrx_word' id='word_1_267' title='bbox 155 3455 265 3510; x_wconf 80' lang='lat' dir='ltr'>mora3</span> <span class='ocrx_word' id='word_1_268' title='bbox 280 3457 314 3497; x_wconf 90' lang='lat' dir='ltr'>se</span> <span class='ocrx_word' id='word_1_269' title='bbox 325 3434 438 3498; x_wconf 90' lang='lat' dir='ltr'>melius</span> <span class='ocrx_word' id='word_1_270' title='bbox 450 3431 599 3497; x_wconf 91' lang='lat' dir='ltr'>habuisse</span> <span class='ocrx_word' id='word_1_271' title='bbox 611 3450 833 3518; x_wconf 87' lang='lat' dir='ltr'>praesenserat,</span> <span class='ocrx_word' id='word_1_272' title='bbox 847 3447 881 3498; x_wconf 88' lang='lat' dir='ltr'>et</span> <span class='ocrx_word' id='word_1_273' title='bbox 892 3433 974 3497; x_wconf 89' lang='lat' dir='ltr'>infra</span> <span class='ocrx_word' id='word_1_274' title='bbox 985 3447 1111 3519; x_wconf 91' lang='lat' dir='ltr'>tempus</span> <span class='ocrx_word' id='word_1_275' title='bbox 1123 3433 1308 3499; x_wconf 88' lang='lat' dir='ltr'>triduanum</span> 
     </span>
     <span class='ocr_line' id='line_1_36' title="bbox 155 3520 1309 3606; baseline 0.003 -25"><span class='ocrx_word' id='word_1_276' title='bbox 155 3543 190 3584; x_wconf 91' lang='lat' dir='ltr'>se</span> <span class='ocrx_word' id='word_1_277' title='bbox 215 3522 351 3584; x_wconf 90' lang='lat' dir='ltr'>sanitate</span> <span class='ocrx_word' id='word_1_278' title='bbox 377 3520 510 3605; x_wconf 68' lang='lat' dir='ltr'>pristina</span> <span class='ocrx_word' id='word_1_279' title='bbox 532 3533 714 3605; x_wconf 87' lang='lat' dir='ltr'>reparatum</span> <span class='ocrx_word' id='word_1_280' title='bbox 741 3520 879 3584; x_wconf 68' lang='lat' dir='ltr'>veridica</span> <span class='ocrx_word' id='word_1_281' title='bbox 902 3521 1108 3586; x_wconf 88' lang='lat' dir='ltr'>attestatione</span> <span class='ocrx_word' id='word_1_282' title='bbox 1132 3521 1309 3606; x_wconf 89' lang='lat' dir='ltr'>pandebat.</span> 
     </span>
     <span class='ocr_line' id='line_1_37' title="bbox 147 3607 1307 3692; baseline 0.003 -21"><span class='ocrx_word' id='word_1_283' title='bbox 147 3607 258 3672; x_wconf 85' lang='lat' dir='ltr'>Unde</span> <span class='ocrx_word' id='word_1_284' title='bbox 273 3607 411 3671; x_wconf 87' lang='lat' dir='ltr'>infinitas</span> <span class='ocrx_word' id='word_1_285' title='bbox 430 3621 537 3692; x_wconf 87' lang='lat' dir='ltr'>grates</span> <span class='ocrx_word' id='word_1_286' title='bbox 557 3607 661 3672; x_wconf 89' lang='lat' dir='ltr'>Beato</span> <span class='ocrx_word' id='word_1_287' title='bbox 683 3608 866 3672; x_wconf 89' lang='lat' dir='ltr'>Cuthberto</span> <span class='ocrx_word' id='word_1_288' title='bbox 884 3608 1036 3686; x_wconf 89' lang='lat' dir='ltr'>reddidit,</span> <span class='ocrx_word' id='word_1_289' title='bbox 1054 3623 1087 3673; x_wconf 89' lang='lat' dir='ltr'>et</span> <span class='ocrx_word' id='word_1_290' title='bbox 1108 3608 1307 3674; x_wconf 87' lang='lat' dir='ltr'>Dunelmum</span> 
     </span>
     <span class='ocr_line' id='line_1_38' title="bbox 153 3694 1306 3780; baseline 0.003 -23"><span class='ocrx_word' id='word_1_291' title='bbox 153 3695 294 3773; x_wconf 87' lang='lat' dir='ltr'>veniens,</span> <span class='ocrx_word' id='word_1_292' title='bbox 311 3696 430 3779; x_wconf 88' lang='lat' dir='ltr'>gratias</span> <span class='ocrx_word' id='word_1_293' title='bbox 455 3694 666 3758; x_wconf 90' lang='lat' dir='ltr'>multitudinis</span> <span class='ocrx_word' id='word_1_294' title='bbox 689 3694 806 3760; x_wconf 69' lang='lat' dir='ltr'>devote</span> <span class='ocrx_word' id='word_1_295' title='bbox 828 3695 993 3780; x_wconf 88' lang='lat' dir='ltr'>persolvit.</span> <span class='ocrx_word' id='word_1_296' title='bbox 1041 3696 1121 3761; x_wconf 86' lang='lat' dir='ltr'>Erat</span> <span class='ocrx_word' id='word_1_297' title='bbox 1143 3696 1243 3762; x_wconf 90' lang='lat' dir='ltr'>etium</span> <span class='ocrx_word' id='word_1_298' title='bbox 1263 3697 1306 3761; x_wconf 89' lang='lat' dir='ltr'>de</span> 
     </span>
     <span class='ocr_line' id='line_1_39' title="bbox 145 3782 1308 3869; baseline 0.005 -26"><span class='ocrx_word' id='word_1_299' title='bbox 145 3782 252 3846; x_wconf 88' lang='lat' dir='ltr'>nobili</span> <span class='ocrx_word' id='word_1_300' title='bbox 267 3783 416 3869; x_wconf 68' lang='lat' dir='ltr'>prosapia</span> <span class='ocrx_word' id='word_1_301' title='bbox 427 3782 590 3859; x_wconf 90' lang='lat' dir='ltr'>oriundus,</span> <span class='ocrx_word' id='word_1_302' title='bbox 604 3795 638 3846; x_wconf 90' lang='lat' dir='ltr'>et</span> <span class='ocrx_word' id='word_1_303' title='bbox 653 3782 814 3867; x_wconf 91' lang='lat' dir='ltr'>sanguinis</span> <span class='ocrx_word' id='word_1_304' title='bbox 829 3782 978 3846; x_wconf 85' lang='lat' dir='ltr'>nobilitas</span> <span class='ocrx_word' id='word_1_305' title='bbox 993 3782 1055 3847; x_wconf 92' lang='lat' dir='ltr'>hoc</span> <span class='ocrx_word' id='word_1_306' title='bbox 1067 3782 1209 3848; x_wconf 89' lang='lat' dir='ltr'>moribus</span> <span class='ocrx_word' id='word_1_307' title='bbox 1221 3784 1308 3849; x_wconf 85' lang='lat' dir='ltr'>face·</span> 
     </span>
     <span class='ocr_line' id='line_1_40' title="bbox 153 3869 1307 3956; baseline 0.003 -24"><span class='ocrx_word' id='word_1_308' title='bbox 153 3869 193 3932; x_wconf 88' lang='lat' dir='ltr'>tis</span> <span class='ocrx_word' id='word_1_309' title='bbox 209 3869 349 3947; x_wconf 89' lang='lat' dir='ltr'>edocuit,</span> <span class='ocrx_word' id='word_1_310' title='bbox 364 3870 451 3956; x_wconf 90' lang='lat' dir='ltr'>quod</span> <span class='ocrx_word' id='word_1_311' title='bbox 467 3869 619 3934; x_wconf 89' lang='lat' dir='ltr'>naturalis</span> <span class='ocrx_word' id='word_1_312' title='bbox 635 3870 772 3954; x_wconf 89' lang='lat' dir='ltr'>dignitas</span> <span class='ocrx_word' id='word_1_313' title='bbox 783 3871 864 3955; x_wconf 90' lang='lat' dir='ltr'>jure</span> <span class='ocrx_word' id='word_1_314' title='bbox 874 3870 1035 3934; x_wconf 91' lang='lat' dir='ltr'>ordinario</span> <span class='ocrx_word' id='word_1_315' title='bbox 1050 3869 1215 3956; x_wconf 87' lang='lat' dir='ltr'>exigendo</span> <span class='ocrx_word' id='word_1_316' title='bbox 1230 3894 1307 3936; x_wconf 90' lang='lat' dir='ltr'>con·</span> 
     </span>
     <span class='ocr_line' id='line_1_41' title="bbox 153 3956 1307 4044; baseline 0.003 -26"><span class='ocrx_word' id='word_1_317' title='bbox 153 3958 267 4022; x_wconf 89' lang='lat' dir='ltr'>stituit.</span> <span class='ocrx_word' id='word_1_318' title='bbox 315 3956 400 4020; x_wconf 89' lang='lat' dir='ltr'>Nam</span> <span class='ocrx_word' id='word_1_319' title='bbox 416 3970 507 4042; x_wconf 92' lang='lat' dir='ltr'>patre</span> <span class='ocrx_word' id='word_1_320' title='bbox 523 3957 686 4042; x_wconf 79' lang='lat' dir='ltr'>praeclarae</span> <span class='ocrx_word' id='word_1_321' title='bbox 701 3957 913 4044; x_wconf 79' lang='lat' dir='ltr'>providentiae</span> <span class='ocrx_word' id='word_1_322' title='bbox 927 3957 1065 4042; x_wconf 88' lang='lat' dir='ltr'>genitus,</span> <span class='ocrx_word' id='word_1_323' title='bbox 1077 3981 1184 4023; x_wconf 91' lang='lat' dir='ltr'>mores</span> <span class='ocrx_word' id='word_1_324' title='bbox 1198 3972 1307 4044; x_wconf 91' lang='lat' dir='ltr'>pater-</span> 
     </span>
     <span class='ocr_line' id='line_1_42' title="bbox 152 4043 1305 4132; baseline 0.005 -27"><span class='ocrx_word' id='word_1_325' title='bbox 152 4066 204 4107; x_wconf 85' lang='lat' dir='ltr'>nae</span> <span class='ocrx_word' id='word_1_326' title='bbox 227 4044 395 4129; x_wconf 89' lang='lat' dir='ltr'>probitatis</span> <span class='ocrx_word' id='word_1_327' title='bbox 420 4043 575 4108; x_wconf 91' lang='lat' dir='ltr'>imitando</span> <span class='ocrx_word' id='word_1_328' title='bbox 602 4045 647 4109; x_wconf 92' lang='lat' dir='ltr'>ita</span> <span class='ocrx_word' id='word_1_329' title='bbox 677 4045 870 4109; x_wconf 88' lang='lat' dir='ltr'>informabat</span> <span class='ocrx_word' id='word_1_330' title='bbox 897 4045 1059 4130; x_wconf 89' lang='lat' dir='ltr'>exemplo,</span> <span class='ocrx_word' id='word_1_331' title='bbox 1087 4046 1177 4132; x_wconf 93' lang='lat' dir='ltr'>quod</span> <span class='ocrx_word' id='word_1_332' title='bbox 1206 4046 1305 4111; x_wconf 87' lang='lat' dir='ltr'>etiam</span> 
     </span>
     <span class='ocr_line' id='line_1_43' title="bbox 152 4130 1307 4216; baseline 0.003 -23"><span class='ocrx_word' id='word_1_333' title='bbox 152 4131 274 4195; x_wconf 89' lang='lat' dir='ltr'>cunctis</span> <span class='ocrx_word' id='word_1_334' title='bbox 290 4132 459 4197; x_wconf 90' lang='lat' dir='ltr'>advertere</span> <span class='ocrx_word' id='word_1_335' title='bbox 472 4130 663 4210; x_wconf 89' lang='lat' dir='ltr'>volentibus,</span> <span class='ocrx_word' id='word_1_336' title='bbox 677 4135 813 4198; x_wconf 87' lang='lat' dir='ltr'>internae</span> <span class='ocrx_word' id='word_1_337' title='bbox 823 4132 999 4197; x_wconf 89' lang='lat' dir='ltr'>dulcedinis</span> <span class='ocrx_word' id='word_1_338' title='bbox 1014 4155 1128 4216; x_wconf 92' lang='lat' dir='ltr'>parere</span> <span class='ocrx_word' id='word_1_339' title='bbox 1140 4132 1307 4199; x_wconf 88' lang='lat' dir='ltr'>videretur</span> 
     </span>
     <span class='ocr_line' id='line_1_44' title="bbox 152 4218 1303 4306; baseline 0.005 -27"><span class='ocrx_word' id='word_1_340' title='bbox 152 4218 319 4304; x_wconf 91' lang='lat' dir='ltr'>obsequio.</span> <span class='ocrx_word' id='word_1_341' title='bbox 362 4218 623 4283; x_wconf 76' lang='lat' dir='ltr'>sanctimoniales</span> <span class='ocrx_word' id='word_1_342' title='bbox 635 4220 775 4306; x_wconf 92' lang='lat' dir='ltr'>denique</span> <span class='ocrx_word' id='word_1_343' title='bbox 792 4221 865 4298; x_wconf 83' lang='lat' dir='ltr'>illae,</span> <span class='ocrx_word' id='word_1_344' title='bbox 877 4218 1014 4283; x_wconf 87' lang='lat' dir='ltr'>AEditha</span> <span class='ocrx_word' id='word_1_345' title='bbox 1025 4231 1060 4284; x_wconf 91' lang='lat' dir='ltr'>et</span> <span class='ocrx_word' id='word_1_346' title='bbox 1075 4221 1184 4305; x_wconf 84' lang='lat' dir='ltr'>Agnes</span> <span class='ocrx_word' id='word_1_347' title='bbox 1194 4220 1303 4299; x_wconf 85' lang='lat' dir='ltr'>dictae,</span> 
     </span>
     <span class='ocr_line' id='line_1_45' title="bbox 128 4305 1306 4392; baseline 0.005 -26"><span class='ocrx_word' id='word_1_348' title='bbox 128 4309 130 4313; x_wconf 75' lang='grc'>’</span> <span class='ocrx_word' id='word_1_349' title='bbox 151 4314 250 4368; x_wconf 88' lang='lat' dir='ltr'>tantae</span> <span class='ocrx_word' id='word_1_350' title='bbox 266 4306 391 4369; x_wconf 88' lang='lat' dir='ltr'>virtutis</span> <span class='ocrx_word' id='word_1_351' title='bbox 407 4306 497 4390; x_wconf 90' lang='lat' dir='ltr'>signo</span> <span class='ocrx_word' id='word_1_352' title='bbox 513 4305 555 4369; x_wconf 92' lang='lat' dir='ltr'>de</span> <span class='ocrx_word' id='word_1_353' title='bbox 570 4306 696 4383; x_wconf 63' lang='lat' dir='ltr'>modieis</span> <span class='ocrx_word' id='word_1_354' title='bbox 711 4307 867 4391; x_wconf 67' lang='lat' dir='ltr'>particula</span> <span class='ocrx_word' id='word_1_355' title='bbox 888 4307 941 4371; x_wconf 76' lang='lat' dir='ltr'>illa</span> <span class='ocrx_word' id='word_1_356' title='bbox 956 4320 1134 4392; x_wconf 91' lang='lat' dir='ltr'>comperto,</span> <span class='ocrx_word' id='word_1_357' title='bbox 1151 4308 1185 4372; x_wconf 93' lang='lat' dir='ltr'>in</span> <span class='ocrx_word' id='word_1_358' title='bbox 1200 4308 1306 4372; x_wconf 91' lang='lat' dir='ltr'>eccle·</span> 
     </span>
     <span class='ocr_line' id='line_1_46' title="bbox 142 4389 1303 4485; baseline 0.006 -35"><span class='ocrx_word' id='word_1_359' title='bbox 142 4389 195 4453; x_wconf 75' lang='lat' dir='ltr'>-sial</span> <span class='ocrx_word' id='word_1_360' title='bbox 218 4394 274 4456; x_wconf 72' lang='lat' dir='ltr'>sud</span> <span class='ocrx_word' id='word_1_361' title='bbox 297 4393 383 4485; x_wconf 81' lang='lat' dir='ltr'>apud</span> <span class='ocrx_word' id='word_1_362' title='bbox 402 4392 604 4457; x_wconf 88' lang='lat' dir='ltr'>Chestehunt</span> <span class='ocrx_word' id='word_1_363' title='bbox 627 4416 697 4456; x_wconf 91' lang='lat' dir='ltr'>eam</span> <span class='ocrx_word' id='word_1_364' title='bbox 718 4391 1036 4460; x_wconf 68' lang='lat' dir='ltr'>honorificentissime</span> <span class='ocrx_word' id='word_1_365' title='bbox 1059 4395 1251 4473; x_wconf 87' lang='lat' dir='ltr'>recondunt,</span> <span class='ocrx_word' id='word_1_366' title='bbox 1267 4406 1303 4460; x_wconf 90' lang='lat' dir='ltr'>et</span> 
     </span>
    </p>
   </div>
   <div class='ocr_carea' id='block_1_3' title="bbox 0 0 1466 4966">
    <p class='ocr_par' dir='ltr' id='par_1_3' title="bbox 0 0 1466 4966">
     <span class='ocr_line' id='line_1_47' title="bbox 0 0 1466 4966; baseline 0 3"><span class='ocrx_word' id='word_1_367' title='bbox 0 0 1466 4966; x_wconf 95' lang='lat' dir='ltr'> </span> 
     </span>
    </p>
   </div>
  </div>
 </body>
</html>
