2924 4966
168 316 217 391 4ss
519 342 734 393 usmxsnnr
763 344 955 399 ,nossent

161 504 204 567 ad
223 502 315 567 Beati
330 500 501 569 Cuthberti
518 504 756 591 tumbanr¹qua=
769 504 1049 577 inl'ra.ecclesiam
1065 528 1132 593 est,
1149 516 1315 603 gratiasille

162 592 345 653 redditurus
360 590 508 665 accurrit,
525 614 562 651 ac
578 589 696 653 ‹lehule
710 592 901 677 quantocius
924 596 970 661 ad
999 598 1136 679 Edred,
1153 601 1315 715 dapiferum

161 676 624 751 suuur,listinaudo,onunaei
640 677 835 742 denudando
846 682 982 747 retexit.
1037 686 1197 767 “1⁴2cce,’
1218 688 1249 753 in
1286 692 1313 769 l,

164 764 257 826 “viri
282 762 478 837 cornicauei,
499 762 602 825 Beato
625 764 806 828 cuthberto
822 765 948 845 devoti,
969 767 1171 839 innumeras
1190 776 1251 861 lapi
1271 800 1314 841 nn

161 872 296 929 aggeres
325 864 439 931 sponte
467 848 508 911 (le
536 848 671 933 propriis
696 850 876 935 sumptibus
901 854 1078 935 deferunt,
1100 876 1137 925 et
1163 862 1313 927 nobiscum

162 934 258 997 hodie
283 957 342 1019 pro
369 934 461 997 Beati
490 934 661 999 Cuthberti
689 936 809 1001 honore
841 938 1007 1023 epulaturi
1042 960 1136 1011 sunt.
1209 948 1312 1015 Videte

162 1022 259 1101 igitur
281 1036 314 1083 ut
334 1020 441 1085 onuriu
456 1020 557 1105 epulis
576 1021 753 1087 necessaria
770 1023 812 1087 ad
833 1024 1069 1093 sufficientiam
1119 1054 1270 1119 raepares,
1285 1050 1312 1101 ct

159 1108 310 1173 hvluriori
326 1106 432 1169 uuinro
447 1108 554 1171 ouuuu
568 1106 614 1171 eis
625 1108 783 1191 copiosius
801 1108 1042 1179 administres.”
1141 1194 1145 1199 Ι
1168 1134 1182 1183 t
1197 1120 1311 1209 quidem

160 1178 205 1257 iia
220 1194 349 1279 dapsilis
364 1207 397 1256 et
418 1194 579 1257 benelicus
601 1194 689 1279 quod
711 1195 816 1259 nullus
837 1196 1094 1267 adventantium
1118 1206 1194 1289 ejus
1215 1230 1311 1271 manvu

160 1282 340 1363 nrrsngcret,
352 1280 698 1365 nisipriussullicienter
708 1280 787 1345 cibis
796 1282 1146 1371 etpotibussaginatus
1155 1292 1310 1359 existeret.

165 1368 206 1431 Bt
227 1368 345 1431 Beatus
363 1366 561 1431 Cuthbertus
576 1366 622 1430 ita
635 1390 710 1429 eum
730 1366 763 1429 in
781 1368 929 1435 omnibus
948 1372 1149 1443 habundare
1169 1382 1310 1447 effecerat

159 1454 248 1539 (prod
277 1454 373 1517 ethnn
407 1453 599 1539 quaudoque
629 1452 671 1515 de
704 1454 840 1517 minimis
878 1458 1104 1526 multitudinis
1145 1464 1310 1533 infinitates

160 1540 301 1603 iuvenire
324 1541 459 1603 solebat.
522 1538 651 1623 Quippe
671 1540 763 1604 Beati
782 1540 956 1607 Cuthberti
977 1546 1148 1616 beneficia
1169 1574 1239 1641 qno
1258 1554 1311 1617 hr-

158 1626 240 1707 giori
256 1625 489 1711 dispensumine
501 1624 744 1701 distribuuntur,
758 1650 799 1691 eo
813 1626 984 1711 copiosiori
1000 1652 1189 1717 augmento
1203 1640 1311 1703 redun-

159 1713 236 1777 (lare
253 1714 466 1777 inveniuntur.
517 1712 557 1775 Er
572 1712 694 1797 quode
709 1714 778 1796 ejus
798 1714 890 1777 bonis
908 1736 969 1801 pro
992 1718 1141 1787 karitate
1165 1724 1310 1791 distribu-

158 1800 248 1863 endis
276 1798 461 1885 propensius
486 1798 557 1885 quis
583 1820 710 1861 uranum
734 1822 807 1863 curn
831 1800 1008 1867 tenacitate
1032 1810 1253 1889 contraxerit,
1275 1836 1310 1877 eo

160 1886 262 1949 minus
275 1887 315 1949 (lc
328 1884 555 1949 sufficientibus
568 1884 620 1946 rix
635 1886 813 1949 necessaria
823 1886 921 1949 victui
934 1892 1141 1972 possedebit.
1178 1896 1310 1984 Dapiler

159 1972 256 2055 igitur
270 1973 477 2056 stupefactus,
495 1970 602 2034 ‹nrruia
617 1970 661 2034 cis
680 1971 868 2037 sufficientia
884 1996 919 2036 se
942 1974 1158 2045 inventurum
1177 1984 1309 2049 asseruit

181 2082 232 2121 ure
251 2059 292 2122 ad
313 2060 384 2123 esis·
403 2057 521 2121 cibaria
540 2058 764 2141 pcrtinehaut3
787 2060 843 2123 sed
859 2082 933 2145 quae
948 2062 991 2125 ad
1006 2062 1094 2127 sitim
1115 2068 1309 2155 restringen-

157 2082 232 2208 ilaur
261 2144 479 2229 pertinuerant
509 2168 543 2207 se
573 2144 676 2207 miuus
709 2144 870 2207 elllueudo
903 2144 1094 2215 habundare
1131 2156 1308 2239 respondit.

157 2240 180 2273 “
189 2231 393 2315 Nerupe,’'iu‹
406 2230 463 2305 uit,
472 2230 737 2294 “cervisirenobis
746 2231 1309 2329 necinopiaepaupertasnecafflnen-

157 2317 211 2381 tioe
227 2317 360 2381 facultas
375 2256 483 2401 aliqua
497 2331 557 2393 est,
569 2317 626 2378 uisi
662 2330 767 2379 nautae
782 2317 948 2401 parvitatis
962 2342 1115 2387 mensura
1138 2326 1174 2389 in
1193 2344 1308 2393 vestrae

154 2403 268 2469 eminae
298 2402 474 2487 capacitate
504 2404 582 2465 cst.”
665 2404 782 2466 abebat
811 2403 942 2501 quidem
971 2428 1109 2491 semper,
1144 2412 1190 2477 de
1218 2436 1308 2479 more

155 2490 317 2553 monachis
332 2504 497 2563 consueto,
515 2489 546 2549 in
567 2490 676 2551 meust
697 2490 754 2551 sus
771 2511 886 2552 emrnoe
909 2512 1103 2572 mensnram,
1120 2498 1218 2583 cujus
1241 2524 1309 2567 mo-

154 2578 236 2640 dicoe
263 2576 448 2674 quantitatis
482 2573 514 2636 in
551 2574 693 2659 potando
727 2597 889 2661 nunqnam
914 2578 1098 2645 excedebat
1126 2582 1307 2651 licentiam.

158 2662 346 2746 Hospitrbns
363 2676 469 2725 tamen
482 2660 552 2724 talis
569 2683 725 2723 mensnrae
741 2661 827 2724 nulla
845 2684 978 2727 censura
997 2666 1111 2731 affuit:
1147 2672 1210 2735 sed
1223 2694 1309 2737 sem-

154 2771 222 2834 per,
236 2762 389 2834 quantum
399 2748 466 2811 sitis
482 2747 548 2810 sive
561 2746 732 2811 voluntatis
743 2746 946 2812 inclementia
960 2751 1131 2835 expetivit.
1183 2758 1308 2825 Anxie·

154 2848 220 2899 tate
237 2834 334 2915 igitur
349 2849 382 2899 et
396 2834 520 2897 ruboris
537 2832 738 2897 vehementis
755 2836 963 2916 perturbante
984 2836 1147 2917 confusus,
1164 2844 1229 2907 sub
1243 2844 1308 2909 fes-

155 2919 309 2985 tinatione
330 2921 372 2983 ad
401 2920 494 2983 Beati
516 2919 686 2985 Cuthberti
710 2920 853 2983 tumbam
874 2921 1019 2999 recurrit,
1037 2938 1071 2987 et
1088 2948 1193 3011 quare
1217 2930 1306 2995 diem

153 3006 321 3072 amittendi
355 3005 448 3069 Beati
482 3005 652 3070 Cuthberti
682 3005 811 3068 honoris
841 3029 875 3069 se
906 3008 1080 3073 videndum
1103 3014 1304 3097 permiserit,

153 3094 270 3158 acerbrl
284 3115 358 3156 eum
373 3092 466 3154 nimis
489 3092 579 3178 quasi
594 3091 754 3155 viventem
763 3092 926 3156 hominem
941 3094 1123 3161 invectione
1139 3104 1305 3187 coarguit.

155 3176 1303 3269 “Eia,”inqniens,“Cuthberte,nnnquidtibidevotosvisconfundere,

151 3280 185 3331 et
209 3265 267 3329 tibi
291 3266 417 3330 devotae
438 3263 640 3326 servitudinis
655 3262 863 3327 ministerium
882 3265 1103 3351 impendentes
1117 3270 1172 3335 siti
1193 3274 1229 3339 in
1252 3277 1306 3343 vit

152 3352 338 3418 deficientes
359 3351 577 3414 occumbere?
622 3350 695 3413 Jam
713 3350 844 3413 ulterius
859 3374 919 3417 nec
937 3368 1002 3427 tuoe
1020 3354 1196 3423 affluentiae
1212 3362 1306 3449 copi-

152 3464 205 3506 am
227 3439 403 3525 praedicare
426 3436 611 3520 poterimus,
636 3458 695 3499 nec
722 3436 763 3499 de
789 3440 1015 3522 promptuariis
1042 3440 1115 3519 tuis,
1140 3443 1303 3515 hactenus

152 3526 238 3590 omni
263 3526 350 3589 bono
373 3523 510 3601 refertis,
535 3521 668 3605 amplius
692 3522 819 3606 gloriari
847 3526 1120 3608 praevalebimus.''
1170 3531 1303 3607 Quibus

150 3614 253 3678 multa
271 3610 447 3676 consimilia
472 3631 545 3673 curn
571 3607 714 3685 dixisset,
731 3610 857 3673 rediens
887 3612 929 3675 ad
952 3636 1095 3677 mensam
1119 3614 1302 3701 discubuit,

153 3722 325 3785 omnesque
341 3697 396 3784 qui
411 3696 606 3760 advenerant
622 3695 787 3759 considere
803 3698 967 3782 praecepit.
1017 3700 1059 3763 Et
1074 3700 1224 3785 dapifero
1240 3731 1304 3775 suo

152 3787 235 3850 dixit
248 3810 256 3863 ;
282 3796 405 3870 “quam
417 3782 564 3846 celeriter
579 3781 716 3845 eminam
731 3804 846 3859 meam,
863 3806 959 3868 quani
974 3786 1137 3869 justiciam
1145 3796 1304 3861 monachi

152 3873 283 3948 vocatis,
301 3893 408 3934 coram
420 3868 598 3952 producite,
612 3880 645 3931 et
660 3880 774 3951 potum
782 3868 876 3931 eitius
886 3870 1069 3936 sicientibus
1085 3874 1180 3938 Beati
1194 3879 1305 3947 Cuth-

151 3960 234 4023 berti
252 3955 401 4020 ministris
428 3967 460 4020 et
481 3954 659 4039 hospitibus
686 3953 865 4037 propinate.
927 3956 1024 4035 Nam,
1045 3959 1209 4047 equidem,
1235 3968 1304 4035 erit

188 4179 196 4216 r
215 4180 238 4229 Α
251 4174 405 4240 Coenotaph,
416 4192 447 4242 pc
471 4178 598 4243 vetusttng
609 4175 654 4229 the
666 4190 782 4242 memory
793 4175 825 4227 of
837 4177 883 4229 the
893 4178 965 4247 place
980 4179 1065 4234 where
1073 4180 1119 4235 the
1129 4184 1200 4253 body
1211 4186 1246 4241 of
1258 4192 1301 4247 St

152 4242 281 4297 Cuthbert
292 4240 342 4295 had
354 4194 488 4311 originally
500 4243 593 4297 tested·
