2924 4966
151 373 224 443 288
514 384 732 436 aroruaunr
759 385 943 436 mouscin

151 557 251 620 instar
273 551 471 640 pelliciarum
487 549 672 615 villosorum
685 561 720 615 et
734 550 917 615 fissuramm
932 549 1165 636 pelliciesarum
1181 554 1299 620 diutids

148 641 304 708 extraxit.
353 639 471 727 Sicque
483 637 571 702 domi
583 636 715 703 tandem
726 637 906 724 deportata,
920 661 979 726 per
990 640 1058 705 dies
1069 642 1194 727 jugiter
1209 644 1300 730 quin-

151 732 264 808 denos,
288 750 347 813 per
363 727 511 792 vulnusrl
537 727 656 791 Sancto
682 726 865 792 Cuthberto
888 727 1012 792 illatum
1034 729 1196 795 effluendo
1220 733 1299 796 tales

151 820 280 884 fissuras
296 817 444 880 emittere
461 837 525 879 non
548 813 665 879 desiit:
689 837 768 902 quas
786 836 898 878 manus
921 815 1136 882 assistentium
1159 819 1300 884 officioso

151 905 316 971 curamine
331 903 503 968 extrahere
518 900 671 967 attentitls
686 925 752 968 non
763 901 910 967 cessavit.
957 903 1104 969 Tandem
1120 906 1301 994 aliquantu-

152 996 220 1058 lum
234 992 398 1077 resumpta
412 991 515 1055 salute
537 1003 571 1054 et
593 989 716 1075 spiritu,
734 990 882 1055 omnibus
904 988 1103 1058 manifestius
1127 997 1299 1075 enarravit,

149 1080 316 1234 puomodo
335 1080 471 1143 Sanctus
490 1077 688 1144 Cuthbertus
703 1077 733 1142 ei
749 1076 907 1164 apparuit,
924 1091 959 1143 et
974 1081 1105 1166 cuspide
1127 1083 1235 1147 baculi
1254 1085 1301 1148 in-

177 1170 232 1233 ixo
248 1168 379 1232 vulnere
395 1167 454 1231 sub
469 1164 611 1230 umbilici
626 1165 759 1246 vertice,
775 1166 883 1254 qualia
897 1166 928 1231 ei
944 1166 1037 1248 dixit,
1054 1182 1088 1234 et
1107 1192 1172 1257 quo
1188 1171 1300 1238 ordina

156 1259 198 1323 ab
213 1257 251 1321 ed
263 1256 305 1320 ad
317 1256 417 1320 altare
433 1253 593 1338 digressus
608 1254 799 1318 ascenderit.
847 1254 927 1319 Post
941 1257 1110 1321 nonnullos
1126 1281 1204 1324 vero
1220 1260 1300 1341 dies,

154 1345 296 1431 perfecte
311 1341 484 1418 convaluit,
496 1354 530 1406 et
544 1340 693 1406 obductis
705 1341 917 1420 cicatricibus,
929 1343 1067 1408 vulneris
1083 1345 1195 1411 inflicti
1211 1348 1301 1412 ulcus

153 1445 302 1498 sanatum
324 1443 437 1517 postea
451 1430 558 1494 multis
581 1429 733 1495 ostendit.
781 1430 862 1494 Haec
883 1430 998 1495 mulier
1019 1433 1165 1518 praedicti
1184 1436 1301 1501 Clerici

153 1522 290 1608 pastoris
306 1532 409 1584 mater
424 1517 560 1595 exstitit,
577 1541 651 1604 quae
667 1518 771 1582 adhuc
787 1531 947 1603 superstes
963 1533 997 1584 et
1009 1520 1129 1600 vivens,
1145 1523 1253 1587 multis
1269 1522 1301 1587 in

155 1610 209 1674 illa
223 1607 355 1693 regione
370 1605 534 1671 notissima
549 1605 703 1671 consistit.
751 1607 789 1671 In
808 1606 898 1691 cujus
914 1606 1040 1673 virtutis
1063 1609 1155 1694 signo
1181 1611 1301 1676 Beatus

158 1697 358 1764 Cutbbertus
378 1693 530 1772 ostendit,
569 1707 677 1758 uantae
696 1693 801 1758 adhuc
817 1694 942 1758 virtutis
963 1708 997 1760 et
1019 1698 1165 1781 potentia
1179 1697 1300 1765 existit.

158 1785 278 1850 Mulier
300 1784 370 1848 haec
385 1782 419 1846 in
434 1782 532 1847 domo
580 1781 685 1846 bbatis
707 1781 749 1846 de
764 1782 930 1847 Jedwrthe
945 1806 1022 1848 sana
1041 1797 1075 1849 et
1097 1808 1207 1872 sospes
1226 1811 1303 1852 con-

152 1886 311 1949 versatur,
327 1894 401 1960 quae
422 1871 456 1934 in
479 1869 587 1935 butiro
602 1883 636 1934 et
647 1869 747 1935 caseis
762 1870 803 1935 de
818 1869 909 1935 lactis
925 1870 1021 1958 adipe
1036 1873 1254 1955 conficiendis,
1272 1875 1301 1942 ei

153 1977 192 2027 et
207 1961 271 2026 suis
286 1961 440 2025 hactenus
455 1955 640 2023 familiarids
655 1958 838 2027 famulatur.

155 2225 258 2292 CAP.
283 2223 640 2303 XXXIX-Qualiter
657 2225 725 2304 tupi
744 2226 856 2304 septem
870 2243 939 2287 oves
953 2227 1063 2303 vidua,
1081 2227 1194 2293 Sancto
1211 2228 1305 2295 Cath-

237 2316 319 2378 tera
332 2315 520 2388 commissas,
536 2312 714 2388 invaserint,
730 2314 785 2376 sed
797 2330 851 2375 aas
864 2313 974 2377 team
987 2332 1047 2378 aaa
1056 2320 1225 2396 ponerint.

207 2488 285 2552 Erat
308 2484 457 2572 quaedam
471 2484 569 2549 vidua
593 2483 627 2548 in
650 2483 796 2570 praedicti
823 2483 976 2551 territorii
997 2488 1164 2574 parrochia
1186 2493 1302 2577 posita,

154 2599 232 2678 quae
248 2590 314 2640 tam
337 2573 455 2638 divitiis
470 2571 674 2637 saecularibus
689 2586 760 2638 erat
775 2574 898 2652 orbata,
915 2595 1012 2662 quam
1026 2575 1085 2639 viri
1098 2577 1215 2643 solatio
1230 2581 1303 2644 des-

160 2677 267 2729 tituta.
315 2661 397 2726 Haec
409 2683 485 2726 oves
500 2660 634 2748 aliquot,
646 2660 723 2725 licet
737 2683 854 2746 paucas
870 2683 1014 2742 numero,
1027 2663 1153 2741 habuit3
1169 2664 1212 2731 ad
1226 2690 1305 2755 qua·

157 2776 232 2818 rum
247 2749 424 2816 custodiam
439 2748 527 2813 unde
549 2748 685 2833 pastoris
700 2767 808 2813 curam
824 2751 973 2816 mercede
996 2751 1201 2833 conduceret,
1226 2774 1305 2840 pau-

157 2839 293 2928 pertatis
305 2838 413 2925 inopia
421 2848 627 2922 perurgente,
640 2857 705 2900 non
714 2838 867 2922 possedit.
913 2838 1040 2926 Nempe
1050 2860 1162 2905 census
1173 2842 1306 2909 ditiores

157 2953 226 2994 non
241 2928 392 3003 habebat,
414 2925 472 2990 sed
494 2947 537 2990 ex
559 2923 665 2989 fructu
681 2924 789 2989 ovium
811 2925 1048 3011 predictarum,
1064 2928 1140 2993 vitre
1154 2943 1189 2995 et
1204 2931 1307 2998 victus

162 3018 290 3105 qualem
308 3013 425 3102 potuit,
443 3012 502 3077 sibi
525 3034 699 3098 pauperem
713 3012 896 3078 alimoniam
911 3018 1148 3102 compensabat.
1197 3020 1236 3084 ln
1252 3043 1308 3085 cu·

150 3107 211 3191 jus
226 3104 395 3191 provintiae
410 3101 527 3166 finibus
544 3113 632 3165 tanta
646 3101 820 3166 furentium
835 3114 870 3167 et
891 3124 950 3189 pro
965 3104 1117 3190 ingluviei
1131 3107 1308 3193 rapacitate

159 3192 379 3258 frendentium
393 3190 541 3276 luporum
561 3189 736 3254 multitudo
758 3190 936 3256 inhabitare
955 3193 1132 3272 consuevit,
1149 3196 1237 3283 quod
1252 3196 1308 3260 vix

155 3281 274 3368 aliquis
290 3280 322 3344 in
346 3279 431 3345 terra
453 3277 506 3342 illa
528 3276 711 3356 ditissimus,
729 3278 879 3344 adhibitis
900 3279 1010 3344 multis
1031 3284 1213 3367 pastoribus
1233 3306 1308 3349 cum

165 3368 362 3447 custodibus,
379 3389 455 3433 oves
471 3388 543 3429 suas
559 3365 610 3430 vel
632 3387 732 3450 agnos
748 3366 831 3430 tueri
853 3367 1032 3452 praevaluit.
1079 3369 1124 3434 At
1139 3370 1236 3437 vidua
1254 3368 1309 3437 illa

159 3457 228 3522 fide
245 3456 409 3534 ditissima,
425 3453 501 3541 quia
522 3452 620 3518 alium
635 3452 717 3518 forte
738 3467 954 3538 protectorem
970 3477 1035 3521 non
1048 3454 1173 3536 habuit,
1190 3460 1308 3525 cotidie

158 3543 405 3610 consuetissimo
417 3563 520 3619 more,
532 3540 610 3605 dum
621 3564 698 3606 oves
713 3564 786 3606 suas
798 3543 839 3606 ad
854 3563 973 3629 pascua
981 3541 1123 3624 minavit,
1137 3548 1183 3612 sic
1199 3548 1317 3614 Sancti

166 3631 338 3700 Cuthberti
361 3630 563 3696 clementiam
585 3630 749 3714 postulans
772 3652 844 3694 cum
868 3631 969 3696 multa
991 3631 1175 3714 devotione,
1200 3636 1308 3703 dicere

157 3720 351 3795 consuevit;
378 3719 534 3783 “Sancte
562 3717 752 3797 Cuthberte,
778 3718 855 3805 quia
876 3717 973 3784 alium
1003 3734 1221 3806 protectorem
1244 3746 1310 3790 non

159 3809 280 3886 babeo,
297 3807 355 3872 tibi
364 3806 473 3871 ovium
488 3827 632 3870 mearum
646 3803 825 3878 custodiam
840 3807 1018 3872 committo.
1065 3807 1118 3873 Tu
1133 3810 1232 3896 igitur
1250 3832 1309 3898 pro

164 3898 219 3962 tul
234 3896 365 3981 pietate,
382 3896 423 3959 ab
440 3896 525 3959 omni
540 3893 689 3979 luporum
697 3892 888 3973 incursione,
902 3896 1027 3960 custodi
1044 3917 1097 3961 eas
1109 3910 1144 3962 et
1157 3914 1294 3987 protege
1300 3925 1310 3979 ;

158 3999 197 4050 et
212 3984 315 4049 salvas
330 3995 363 4048 et
378 4006 469 4047 sanas
484 3981 553 4046 illas
575 3980 654 4045 mihi
668 3980 756 4046 domi
778 3983 937 4048 remitte.''
986 3984 1040 4048 Sic
1055 3984 1153 4071 igitur
1168 3988 1312 4077 aliquan·

165 4074 219 4138 diu
240 4095 337 4158 agens
360 4093 487 4156 semper
509 4092 586 4134 oves
608 4091 680 4137 suas
702 4071 816 4135 illaesaa
842 4071 984 4157 recepit3
1007 4084 1040 4136 et
1061 4073 1137 4138 licet
1159 4075 1316 4162 luporum

161 4161 268 4226 rabies
291 4159 426 4224 aliorum
448 4157 563 4243 saepius
585 4179 662 4222 oves
685 4158 864 4245 diripuerit,
880 4160 987 4224 viduoe
1010 4173 1118 4225 tamen
1134 4162 1218 4229 illius
1233 4188 1310 4230 oves

160 4248 302 4333 diripere
314 4248 366 4312 vel
381 4246 500 4310 laedere
511 4269 574 4311 non
588 4247 800 4333 praesumpsit.
850 4247 998 4323 Quldam
1010 4249 1148 4338 denique
1164 4252 1217 4317 die
1229 4248 1335 4340 grex*

165 4336 312 4419 luporum
322 4334 417 4399 solito
428 4332 563 4418 amplius
579 4333 765 4400 desaevienti
776 4334 943 4422 rapacitati
958 4335 1100 4417 indulsit,
1114 4353 1149 4405 et
1160 4363 1318 4426 agrorum·

163 4423 247 4488 latos
277 4424 356 4489 fines
386 4421 585 4500 circumiens,
617 4421 702 4489 forte
729 4443 808 4489 oves
838 4423 956 4505 viduoe,
988 4424 1135 4494 viduatas
1164 4432 1319 4518 custode,
