2924 4966
219 316 267 379 to
573 331 787 381 nacturum
817 330 1005 381 nossent

216 492 415 565 advocasset,
444 514 519 553 mox
544 492 701 555 nobilibus
718 494 875 576 juvenum
904 492 1187 573 ministrantium,
1216 496 1386 561 amicorum
1454 487 1458 521 ²

216 594 249 643 ct
274 594 452 661 pareutum,
484 580 679 663 constipatus
709 578 900 663 agminibus,
932 578 1147 647 Dunelmum
1185 584 1386 649 convolaudo

217 662 420 749 properatim
449 687 622 751 ‹inrnesque
653 666 772 749 pariter
810 666 906 750 ipsius
942 667 1105 731 consortii
1145 669 1384 735 commilitones

221 750 314 815 Beati
342 750 505 815 l'outilicis
533 752 703 815 Cutlrberti
729 752 883 815 attentius
908 750 962 815 effl
1005 752 1140 819 itabant
1163 756 1381 834 clementiam,

217 855 250 901 ct
266 838 393 921 pietatis
408 861 475 900 suae
490 840 667 901 exorabant
683 839 715 901 iu
738 840 865 923 leproso
887 774 1015 902 osterldi
1038 842 1247 939 potentiam.
1298 842 1381 909 Servi

217 926 325 1011 itaque
352 947 462 1009 preces
488 926 694 989 ellimdcbant
721 948 779 1009 pro
802 926 944 1001 domino,
969 925 1112 991 ministri
1139 952 1208 1013 pro
1235 942 1379 1015 patrono,

216 1012 330 1075 heroes
345 1025 377 1075 et
394 1010 510 1075 milites
524 1012 702 1095 mugientes
719 1012 913 1075 lacrimando
928 1009 1080 1095 rigabant
1096 1013 1205 1081 facies
1220 1039 1284 1103 pro
1298 1016 1380 1081 fideli

217 1098 304 1161 socio
320 1113 353 1162 et
371 1120 535 1162 conservo.
584 1100 703 1161 Beatus
727 1112 834 1163 tamen
861 1098 1073 1177 cuthbertus,
1092 1116 1197 1167 nocte
1224 1104 1293 1182 ille,
1310 1116 1379 1169 vota

217 1184 414 1267 precantium
430 1184 572 1259 distulit;
594 1185 670 1271 quia
692 1184 832 1269 ipsorum
854 1184 1029 1249 constantis
1049 1187 1130 1253 fidei
1146 1188 1320 1255 desideria
1339 1212 1377 1255 ex

217 1270 370 1333 dilatione
394 1273 603 1353 comprobare
627 1271 773 1355 delegit3
803 1288 837 1335 et
866 1271 981 1335 iccirco
1005 1270 1169 1353 fortassis,
1199 1276 1281 1363 quia
1303 1300 1378 1363 opus

217 1357 344 1441 majoris
359 1357 471 1439 gloriae
486 1358 621 1433 exstitit,
639 1358 670 1421 in
686 1357 767 1421 lireio
783 1357 954 1421 multorum
970 1380 1039 1421 suoe
1055 1360 1190 1425 virtutis
1213 1364 1377 1429 declarare

217 1443 392 1528 potentiam
408 1466 502 1529 quam
520 1444 550 1506 iu
567 1468 741 1527 paucorum
756 1444 873 1507 noticirl
888 1458 986 1508 tantae
1001 1467 1161 1513 exercere
1178 1448 1378 1535 dignationis

217 1530 396 1595 cfficatiam.
444 1532 527 1593 Cum
552 1532 648 1613 igitur
671 1530 773 1595 missa¹
790 1531 940 1617 mysteria
961 1530 1069 1595 officio
1083 1533 1250 1601 festiviori
1269 1560 1376 1603 coram

216 1617 426 1681 sacratissimo
446 1618 536 1679 Beati
555 1618 725 1681 Cutlrberti
741 1640 875 1701 corpore
891 1618 1046 1681 celebrari
1056 1618 1285 1707 incoepissent,
1296 1624 1377 1689 acci.

215 1704 264 1767 dit
280 1718 315 1767 ut
332 1704 379 1766 vir
402 1703 454 1766 ille
477 1716 510 1767 ct
534 1704 593 1781 sui,
611 1704 764 1767 attentius
792 1704 934 1768 Domino
957 1704 1181 1789 supplicando,
1197 1710 1269 1775 voti
1293 1711 1376 1777 desi-

216 1790 311 1853 deriis
337 1790 527 1853 omnimodis
560 1790 769 1876 postularent.
832 1790 1010 1875 Solempnis
1044 1792 1179 1878 quidem
1216 1796 1376 1863 festivitas

217 1892 291 1941 tunc
316 1877 472 1941 celebrior
498 1877 530 1938 in
554 1877 752 1961 depositione
781 1878 970 1941 Sanctorum
993 1879 1164 1961 agebatur,
1194 1896 1232 1947 et
1256 1884 1375 1949 iccirco

215 1964 432 2050 pavimentum
446 1964 590 2027 ecclesiae
606 1977 639 2027 ct
665 1964 843 2047 crepidines
865 1964 998 2047 singuloe
1017 1965 1150 2049 copioso
1173 1970 1375 2055 populorum

216 2052 342 2133 agmine
366 2052 609 2135 spargebantur.
656 2053 739 2114 Cum
763 2050 871 2148 itaque
894 2052 936 2114 ad
959 2049 1062 2113 missae
1085 2074 1251 2119 canonem
1265 2058 1375 2123 omnia
1461 2087 1462 2094 ¹

219 2138 331 2203 Clarus
361 2136 573 2221 persolvisset,
600 2137 648 2199 vir
671 2137 735 2213 ille,
764 2136 943 2219 vigiliarum
968 2136 1177 2221 longitudine·
1201 2140 1374 2227 fatigatus,

216 2239 345 2309 torpore
370 2225 521 2299 irruente,
541 2246 675 2308 sompno
699 2224 889 2307 corripitur;
919 2237 964 2299 et,
992 2223 1061 2307 ipso
1091 2226 1225 2291 minime
1256 2230 1375 2295 adver.

217 2323 316 2388 tenta,
335 2314 403 2397 jam
425 2312 467 2375 ad
490 2310 574 2395 pacis
597 2310 739 2373 osculum
761 2310 849 2373 misoe
872 2310 1011 2374 officium
1029 2311 1271 2398 complebatur.
1323 2318 1374 2385 lbi

216 2398 327 2461 fideles
356 2399 474 2484 quique
504 2420 602 2461 sacroe
632 2396 717 2482 pacis
747 2420 780 2460 se
805 2397 948 2481 obligant
975 2412 1186 2479 sacramento,
1216 2415 1254 2467 et
1284 2404 1376 2471 dulci

217 2486 331 2547 amoris
347 2484 456 2548 osculo
471 2484 546 2547 fidei
562 2507 595 2547 se
615 2484 834 2546 communiunt
853 2484 1075 2547 instrumento
1125 2486 1293 2573 Sompnus
1312 2492 1376 2557 ita·

216 2594 279 2657 que
293 2571 337 2635 illi
348 2571 560 2655 corporalium
573 2570 679 2633 lumen
692 2571 857 2633 oculorum
869 2570 1061 2634 obducendo
1073 2572 1298 2655 subtraxerat,
1313 2580 1374 2645 sed

217 2658 314 2721 modo
338 2657 488 2721 ineflabili
516 2658 635 2721 Beatus
662 2657 858 2722 Cutlrbertus
885 2656 968 2719 illius
995 2656 1232 2725 intellectuales
1256 2666 1375 2731 oculos

217 2744 390 2827 aperiendo
405 2744 625 2807 illuminabat:
640 2767 704 2806 non
720 2743 805 2807 enim
821 2744 953 2807 ulterius
969 2744 1071 2807 solitae
1085 2742 1146 2808 sibi
1155 2746 1291 2831 pietatis
1307 2752 1375 2817 vis-

217 2854 292 2895 cera
306 2844 432 2915 poterat
447 2831 596 2907 retinere,
614 2843 648 2894 et
666 2830 781 2913 aegroti
799 2830 931 2893 miseriis
951 2853 1016 2894 non
1035 2832 1272 2915 compaciendo
1293 2840 1377 2905 sub-

217 2917 337 2982 venire.
386 2917 494 2993 Unde,
509 2930 554 2995 ut,
568 2917 637 2980 viro
652 2916 821 3001 aegrotanti
833 2916 1013 2993 videbatur,
1027 2920 1227 2983 venerandus
1244 2922 1374 3007 Heron,

217 3003 450 3091 pontificalibus
469 3003 661 3067 indumentis
681 3026 776 3089 supra
793 3004 924 3066 modum
947 3004 1101 3068 decenter
1122 3006 1310 3089 redimitus,
1327 3012 1376 3081 de

217 3091 324 3156 altaris
344 3090 470 3175 fastigio
488 3091 652 3174 processit,
670 3104 703 3154 et
722 3090 932 3174 digrediendo
947 3090 1105 3175 paulisper
1120 3092 1163 3155 ad
1178 3116 1256 3159 eum
1271 3096 1376 3165 itine-

216 3179 314 3243 rantis
333 3201 458 3263 gressus
473 3178 608 3242 inflexit.
657 3178 857 3241 Vestimenta
875 3178 943 3261 ejus
963 3177 1069 3241 omnia
1083 3200 1163 3242 auro
1182 3182 1374 3265 spendente

216 3267 401 3331 radiabant:
419 3266 511 3329 wltlis
524 3264 604 3328 illius
622 3264 716 3328 facies
728 3287 823 3347 super
833 3266 929 3347 jubar
941 3264 1015 3327 solis
1024 3264 1154 3327 nitidius
1167 3266 1374 3339 emicabant.

219 3353 290 3418 Nee
316 3367 385 3419 erat
408 3364 444 3415 ut
468 3364 566 3415 tantae
592 3350 811 3436 pulcritudinis
837 3352 973 3415 formam
995 3351 1146 3428 ediceret,
1164 3375 1239 3417 cmn
1264 3358 1373 3427 etiam

217 3464 344 3505 onmem
367 3438 587 3523 intelligentias
610 3438 740 3501 modum
763 3438 988 3522 praetereundo
1003 3438 1190 3503 excederet.
1237 3443 1294 3508 Ad
1318 3446 1374 3533 ip-

217 3551 286 3591 sum
302 3551 380 3612 ergo
395 3526 578 3602 deveniam,
596 3538 629 3589 et
644 3523 713 3587 miti
735 3547 845 3608 gressu
862 3524 995 3609 vestigia
1009 3547 1215 3609 componens,
1232 3528 1302 3594 leni
1317 3545 1373 3598 at.

217 3630 304 3680 tactu
319 3616 477 3688 dexterae,
491 3612 652 3697 caputium
672 3611 713 3675 de
732 3612 836 3696 capite
852 3611 1038 3675 dormientis
1057 3612 1208 3691 excussit,
1219 3626 1254 3678 et
1269 3622 1370 3703 quasi

216 3703 329 3767 acriori
344 3700 491 3766 affamine
505 3699 623 3764 blande
637 3698 802 3783 increpans
818 3698 873 3761 ait.
903 3697 1090 3761 “Haeccine
1106 3699 1207 3761 omnis
1221 3706 1370 3787 populus

217 3813 314 3854 sacrae
327 3788 413 3874 pacis
429 3787 538 3850 osculo
549 3785 770 3871 participando
789 3785 1012 3862 communicat,
1030 3798 1063 3848 et
1082 3785 1195 3848 divinis
1211 3794 1369 3874 mysteri.

216 3900 307 3940 orum
326 3873 529 3940 sacramentis
550 3895 618 3937 sese
641 3872 904 3936 communicando
921 3871 1080 3948 vivificat3
1108 3872 1226 3937 Beatus
1248 3875 1367 3965 itaque

219 3965 416 4028 Cuthbertus
438 3962 499 4023 hoc
521 3961 607 4024 idem
627 3973 658 4023 te
678 3958 783 4023 facere
806 3958 961 4043 praecipit,
982 3958 1057 4044 quia
1079 3959 1222 4023 sanitatis
1243 3984 1367 4045 pacem

215 4049 273 4113 tibi
289 4046 455 4133 largiendo
470 4046 628 4110 indulsit.'’
662 4046 705 4109 At
721 4045 785 4122 ille,
799 4044 923 4108 ruboris
933 4044 1135 4109 vehementia
1149 4048 1365 4135 stupefactus,

216 4134 337 4221 impetu
353 4133 582 4198 vehementiori
605 4133 637 4198 in
660 4132 795 4231 populos
813 4132 1008 4195 accurrendo
1029 4131 1131 4210 irruit,
1149 4146 1193 4210 et,
1210 4139 1366 4207 certatim

216 4244 359 4308 quosque
371 4219 733 4303 deosculando‚caputro
744 4218 947 4303 postmodum
959 4219 1062 4301 capud
1074 4220 1211 4297 obtexit,
1218 4244 1258 4285 eo
1270 4228 1365 4309 quod

216 4308 305 4392 lepra
327 4330 361 4373 se
385 4306 572 4371 mundatum
595 4305 632 4369 iri
655 4327 719 4370 non
743 4304 890 4370 credidit.
951 4304 1091 4369 Ministri
1118 4304 1224 4391 igitur,
1248 4310 1304 4397 qui
1328 4314 1362 4379 ei
