2924 4966
137 389 226 460 ‚1234
510 398 728 451 nuoruanni
754 377 938 450 nouacm
975 392 978 397 ’

153 570 304 635 mandata
321 565 504 632 custodivit.
550 564 637 630 Mira
655 563 762 652 itaque
786 563 889 649 pietas
918 563 952 628 in
981 562 1087 629 Beato
1115 564 1297 632 Cuthberto

154 659 223 723 fore
239 655 458 743 perpenditur,
480 653 536 718 ubi
558 653 655 718 nichil
677 652 947 716 inremuneratum
970 653 1011 716 ab
1033 675 1074 717 eo
1097 655 1296 739 proeteritur3

154 759 188 810 et
218 743 329 809 mortis
359 743 450 807 dolor
476 764 496 806 a
528 740 725 805 mercenario
754 763 813 804 suo
842 740 1025 826 expellitur,
1063 764 1105 805 eo
1139 742 1227 829 quod
1255 743 1298 807 ad
1332 745 1339 763 ‘

154 833 296 919 lapidum
311 853 420 908 onera,
441 853 481 894 eo
501 842 647 907 vocante,
668 828 804 914 populus
831 827 994 893 invitatur.
1041 829 1151 917 Atque
1171 830 1300 916 insuper

154 921 185 986 ei
215 943 258 986 ex
287 919 439 984 mandato
468 917 652 994 consulitur,
684 916 821 1003 qualiter
847 915 1011 980 infortunii
1040 917 1143 981 omnis
1174 921 1300 984 occasio

156 1008 328 1073 devitetur.
376 1005 462 1070 Hinc
489 1006 623 1069 Sanctus
648 1003 845 1069 Cuthbertus
865 1003 911 1068 illi
929 1003 1022 1069 Beati
1047 1004 1183 1070 Martini
1206 1008 1301 1072 mira-

156 1096 229 1160 culo
241 1093 448 1159 consonando
462 1090 619 1177 congruit,
637 1091 692 1156 ubi
706 1092 912 1177 languentem
927 1091 968 1157 de
983 1092 1057 1157 cera
1072 1094 1217 1158 ecclesioe
1233 1101 1312 1159 suae'

156 1185 328 1268 reparavit.
376 1180 413 1245 ln
438 1179 567 1245 homine
588 1179 734 1245 omnibus
757 1178 907 1244 membris
933 1179 1063 1259 detrito,
1084 1180 1193 1263 Beati
1209 1182 1302 1249 Pauli

157 1270 300 1334 imitatur
315 1268 510 1352 exemplum,
524 1266 579 1354 qui
598 1268 721 1332 sanavit
745 1266 896 1331 Euticum
911 1267 952 1332 de
971 1268 1112 1333 fenestra
1130 1269 1302 1336 cadentem

157 1371 191 1422 et
206 1357 356 1421 membris
379 1356 525 1420 omnibus
549 1355 748 1419 dissolutum.
796 1356 901 1441 Hujus
916 1355 1058 1420 miraculi
1074 1357 1109 1420 in
1137 1357 1302 1423 Duuelmo

157 1445 381 1529 multoplures
397 1457 494 1507 testes
519 1442 679 1522 assistunt,
719 1444 750 1506 ui
773 1443 843 1506 haec
868 1466 945 1508 vera
967 1443 1062 1508 fuisse
1090 1459 1301 1530 cognoscunt.

162 1533 205 1596 Et
223 1533 293 1595 haec
310 1532 357 1594 vir
376 1531 443 1616 ipse
462 1530 553 1595 nobis
569 1553 676 1595 coram
695 1467 845 1596 llatribus
864 1531 933 1597 aliis
955 1532 1075 1611 retulit,
1096 1533 1174 1620 quia
1195 1534 1301 1599 adhuc

158 1633 319 1706 superstes
332 1633 392 1698 est,
410 1641 583 1707 sensusque
598 1618 752 1684 consistit.

161 1885 259 1950 CAP.
285 1884 448 1949 cle-De
461 1888 576 1968 afflicto
590 1905 727 1967 paupere
740 1887 871 1968 prodam
885 1906 972 1968 quem
985 1885 1105 1950 Beatus
1121 1887 1301 1951 catharus

245 1975 290 2036 ad
297 1993 407 2054 pacem
420 1993 509 2036 artam
523 1976 555 2036 in
574 1975 705 2036 insulam
726 1973 982 2055 Liadissameam
1005 1974 1167 2056 confirpere
1183 1995 1301 2056 praece-

238 2064 291 2141 pit
304 2090 313 2122 .·
329 2063 475 2142 putredo
485 2081 589 2124 coram
602 2063 738 2124 manibus
749 2062 882 2123 hostibus
892 2065 934 2124 sit
944 2064 1108 2142 inprocera,
1118 2071 1149 2125 et
1160 2083 1230 2126 eum
1241 2065 1301 2126 iai·

246 2152 339 2211 micus
354 2152 418 2229 ipse
426 2157 609 2228 opnosceret
619 2169 673 2212 aec
681 2150 720 2212 ab
734 2151 779 2211 eis
793 2151 915 2230 oquitur
929 2151 976 2212 cel
988 2152 1021 2211 in
1035 2151 1141 2232 aliquo
1152 2151 1300 2214 humet.

205 2320 407 2386 Thesaurum
422 2321 551 2385 coeleste
566 2321 727 2386 cotidiano
742 2322 858 2387 sudore
873 2322 1014 2388 effodere
1032 2345 1199 2408 possumus
1212 2347 1221 2401 ;
1243 2325 1302 2389 'sed

160 2431 322 2496 nunquam
337 2410 378 2473 ad
399 2409 469 2472 finis
492 2409 615 2473 exitum
638 2410 820 2495 pertingere
843 2410 1095 2496 praevalebimus.
1143 2411 1301 2477 Mirandis

161 2496 319 2582 stupenda
342 2497 480 2582 adjicere
506 2519 682 2581 possumus,
699 2511 733 2563 et
756 2497 919 2584 stupendis
942 2498 1136 2564 mirabiliora
1149 2500 1303 2586 superad-

156 2583 257 2670 jicere
291 2585 443 2662 valemuS,
478 2597 584 2649 tamen
622 2585 714 2650 Beati
751 2585 921 2652 Cuthberti
954 2586 1107 2651 virtutum
1144 2587 1302 2673 magnalia

162 2673 276 2737 nullius
310 2673 380 2736 linis
414 2671 550 2736 termino
583 2672 745 2738 includere
775 2674 961 2759 poterimus.
1023 2674 1152 2741 Cotidie
1181 2675 1300 2742 etenim
1331 2744 1337 2755 ,

161 2761 253 2826 novis
282 2761 425 2825 recentia
450 2759 571 2846 adjicit,
588 2774 621 2825 et
642 2761 871 2827 recentioribus
894 2761 990 2827 etiam
1011 2762 1137 2828 novella
1159 2763 1301 2851 superef-

161 2849 277 2914 fundit.
338 2847 454 2912 Nullus
484 2848 641 2936 siquidem
669 2849 757 2914 locus
787 2863 894 2936 potest
926 2850 1053 2916 vacuari
1083 2873 1103 2915 a
1135 2851 1301 2939 multiplici

161 2937 287 3002 virtutis
311 2959 420 3021 opere,
445 2936 625 3036 ubicunque
648 2937 744 3022 ipsius
767 2938 901 3002 nominis
924 2937 1083 3003 invocatio
1108 2940 1207 3005 fuerit
1228 2961 1302 3005 cum

162 3025 345 3090 devotione.
393 3024 431 3089 In
445 3024 523 3088 locis
538 3038 636 3089 etiam
650 3025 711 3091 illis
734 3025 829 3114 qudm
851 3025 1016 3111 magnifice
1032 3027 1190 3092 mirabilia
1203 3029 1303 3092 virtu-

163 3125 231 3178 tum
246 3136 344 3198 opera
359 3113 493 3198 perficit,
509 3136 582 3200 quae
605 3114 765 3214 quondam
788 3113 927 3178 tenerius
950 3115 983 3178 iu
1006 3115 1071 3179 vita
1093 3117 1150 3180 sua
1165 3115 1301 3181 dilexit?

163 3201 249 3266 Nam
265 3215 297 3267 et
313 3201 537 3265 miraculorum
551 3201 652 3286 gloria
667 3225 706 3266 ea
719 3200 884 3286 magnifice
895 3202 1095 3282 honorificat,
1112 3227 1185 3291 quae
1200 3226 1303 3291 quon·

161 3290 236 3354 dam
262 3289 412 3374 singulari
434 3312 500 3353 suae
523 3289 697 3354 sanctitatis
720 3289 887 3376 privilegio
901 3290 961 3356 sibi
976 3291 1191 3376 consignando
1206 3289 1303 3377 glori-

161 3379 324 3444 ficaverat.
358 3378 456 3453 Quod
471 3400 513 3441 ex
528 3379 733 3465 subsequenti
748 3377 876 3442 lucifluo
892 3399 988 3462 opere
1005 3379 1079 3444 satis
1090 3378 1300 3458 intimabitur,

162 3465 244 3530 sicut
264 3489 306 3530 ex
326 3464 650 3551 praesenti‘miraculo
672 3464 906 3531 habundantius
921 3466 1142 3552 explicabitur.
1191 3467 1303 3542 Quou-

162 3553 237 3617 dam
251 3553 380 3641 quidem
395 3576 516 3639 pauper
530 3552 562 3616 in
576 3552 780 3618 Middiltune¹
793 3555 824 3617 in
837 3552 1079 3619 Norhthimbria
1089 3554 1301 3634 habitaverat,

162 3643 216 3727 qui
232 3641 331 3706 divite
347 3641 452 3705 animo
471 3641 563 3705 Beati
582 3641 752 3706 Cuthberti
767 3641 952 3706 memoriam
963 3643 1159 3743 frequentius
1175 3643 1304 3708 excole-

160 3728 229 3792 bat.
277 3729 383 3804 Quem
399 3728 544 3793 dominus
559 3752 634 3794 suus
654 3752 727 3794 cum
749 3729 876 3794 caeteris
899 3732 1090 3816 pauperibus
1113 3730 1302 3796 multociens

162 3816 251 3901 gravi
274 3818 509 3902 calumpniante
533 3817 645 3903 injuria
659 3818 860 3902 fatigaverat,
877 3830 922 3896 et,
939 3834 1056 3903 praeter
1078 3818 1174 3883 annui
1196 3818 1304 3884 reddi·

164 3917 225 3982 tus,
246 3905 338 3989 plura
366 3906 428 3969 alia
453 3902 471 3966 a
497 3905 687 3990 pauperibus
710 3905 829 3970 colonis
851 3907 1076 3994 extorquebat.
1123 3907 1302 3972 Exactione

162 3992 282 4057 etenim
308 3992 386 4055 dirae
410 3991 592 4076 cupiditatis
618 4017 673 4058 eos
699 3993 867 4071 afflixerat,
888 4006 922 4058 et
948 3993 1065 4059 cotidie
1089 3994 1163 4059 novi
1186 3994 1302 4059 furoris

163 4079 283 4144 insanib
297 4081 329 4143 in
344 4080 413 4145 illos
436 4079 635 4147 desaevierat.
693 4082 789 4146 Hunc
816 4081 931 4146 deinde
949 4082 1049 4146 virum
1063 4080 1191 4168 gravius
1207 4082 1303 4148 vehe-

163 4166 364 4256 mentiusque
380 4167 520 4252 affligere
535 4168 661 4249 institit,
674 4193 714 4234 eo
726 4171 813 4257 qnod
824 4169 1055 4257 aliquantulum
1067 4171 1190 4235 caeteris
1202 4170 1303 4235 dicior

163 4341 206 4460 th¹
219 4343 379 4461 pliddleton,
391 4361 452 4398 near
463 4344 576 4408 neiron,
589 4363 617 4398 or
630 4348 661 4400 M
663 4310 785 4411 iddleton,
797 4350 823 4400 lu
836 4348 880 4401 the
891 4347 976 4415 pnrish
988 4347 1018 4400 ol
1026 4346 1161 4401 lldertou:
1178 4345 1302 4416 probably

194 4427 209 4462 e
231 4427 324 4464 ormer.
387 4462 388 4466 ,
912 4441 917 4457 ·.
1194 4459 1199 4465 ,
1231 4461 1234 4465 .
