2924 4966
470 405 650 456 nunaunt.
672 405 875 468 arratum,
896 405 982 455 arc.
1253 386 1298 458 61

152 569 317 655 possibiles
334 581 366 631 et
393 568 515 631 habiles
531 569 687 652 praebent.
737 567 780 629 Et
806 568 895 653 quod
921 566 1049 651 majoris
1076 581 1124 631 est
1148 570 1303 646 miraculi,

153 658 194 721 ad
210 678 352 720 mensam
367 667 456 718 tuam
472 657 497 717 si
516 655 621 718 incola
635 653 733 718 fueris
750 656 881 717 veniunt
895 678 903 729 ;
927 656 986 718 sub
1009 655 1158 719 cubiculo
1182 669 1240 720 tuo
1255 659 1306 720 vel

152 744 251 807 etiam
274 741 470 806 lectisternio
485 742 596 805 nidum
619 742 678 804 sibi
702 740 886 816 conficiunt,
903 741 954 804 vel
977 743 1004 804 si
1026 753 1106 804 nutu
1130 744 1257 806 noveris
1273 757 1307 807 et

154 831 304 905 volueris,
333 851 423 891 secus
451 828 498 891 tui
525 827 660 910 vestigia
681 826 859 911 gradiendo
881 828 1071 911 procedunt.
1120 829 1172 892 Ad
1195 852 1307 894 manus

154 917 253 981 etiam
274 915 477 991 blandientia
503 915 559 977 alis
582 913 823 998 palpitantibus,
847 913 1054 998 confugiunt3
1078 915 1307 981 crocitantibus

154 1003 253 1066 sibilis
281 1002 489 1086 applaudunt,
518 1014 551 1064 et
578 1001 725 1064 omnibus
749 1000 851 1063 modis
876 1000 934 1063 tibi
948 1001 1092 1085 parendo
1111 1002 1307 1067 deserviunt.

159 1091 212 1154 Aa
238 1089 332 1152 maris
361 1100 468 1151 tamen
493 1090 635 1170 gurgites
661 1087 835 1150 natabundi
863 1086 992 1150 tandem
1018 1090 1215 1152 mansuetius
1231 1090 1310 1153 voli-

157 1176 256 1240 tando
268 1174 447 1260 prosiliunt,
464 1175 540 1260 quia
555 1174 595 1237 de
611 1173 744 1258 piscium
756 1174 866 1257 praeda
880 1173 1069 1237 naturaliter
1084 1174 1206 1239 vivunt.
1257 1178 1309 1240 ln·

156 1263 226 1325 sula
241 1262 398 1348 siquidem
413 1264 481 1347 ipsa
495 1283 560 1324 non
576 1261 620 1324 eis
636 1273 685 1324 est
700 1283 758 1344 pro
769 1261 883 1323 natural
895 1261 952 1323 sed
961 1260 1074 1344 gratia,
1089 1283 1152 1325 non
1162 1284 1311 1346 procrea-

158 1348 254 1413 tionis
270 1348 386 1432 0rigini
402 1348 459 1410 sed
474 1348 570 1411 solius
591 1347 684 1410 Beati
711 1346 882 1411 Cuthberti
902 1347 1125 1411 ascribendum
1147 1351 1261 1433 pietati
1277 1363 1311 1414 et

159 1435 367 1499 miserationi.
414 1432 553 1519 Nempe,
571 1448 716 1518 tempore
732 1433 808 1497 vitae
823 1457 901 1511 suae,
915 1433 992 1496 dum
1008 1434 1167 1498 solitarius
1183 1435 1215 1498 in
1230 1458 1322 1520 rupe,

158 1545 267 1586 secum
291 1535 518 1598 commaneret,
544 1522 699 1605 praedicta
721 1520 863 1584 volatilia
885 1533 918 1584 et
933 1519 1078 1583 natatilia
1093 1520 1139 1584 ita
1153 1522 1309 1600 edomuit,

143 1609 248 1695 ”quod
263 1631 364 1692 genus
380 1631 491 1672 eorum
507 1608 551 1671 illi
568 1607 722 1693 obsequia
744 1606 906 1671 servitutis
928 1606 1140 1690 impenderet,
1158 1620 1192 1671 et
1206 1607 1311 1672 nidifi-

160 1696 254 1759 candi
278 1695 323 1758 eis
339 1696 445 1758 locum
460 1697 493 1757 in
513 1694 619 1758 insula
634 1695 861 1779 praestitueret,
879 1706 913 1757 et
928 1706 1033 1756 certos
1049 1692 1198 1756 veniendi
1213 1707 1247 1758 et
1261 1718 1312 1759 re-

160 1781 328 1866 grediendi
351 1782 395 1845 eis
419 1781 571 1845 terminos
595 1781 793 1865 designando
814 1780 1008 1865 praefigeret.
1058 1779 1168 1857 Unde,
1197 1803 1310 1867 usque,

162 1868 359 1953 temporibus
383 1868 521 1946 statutiS,
546 1868 731 1945 adveniunt,
756 1880 789 1931 et
805 1866 892 1930 onmi
907 1878 1099 1950 tempestate
1114 1867 1312 1931 necessitatis

161 1957 213 2020 vel
229 1956 469 2039 importunitate
485 1954 685 2018 adversitatis
700 1955 755 2018 illo
778 1953 977 2038 confugiunt,
995 1965 1029 2016 et
1051 1953 1093 2016 ad
1115 1968 1194 2017 uota
1219 1954 1313 2018 Beati

166 2041 338 2106 Cuthberti
353 2041 503 2125 praesidia
516 2055 695 2105 recurrunt.
742 2040 827 2104 Nam
843 2041 931 2126 quod
946 2062 1046 2123 genus
1062 2063 1174 2104 eorum
1197 2040 1230 2103 in
1256 2063 1313 2124 pa-

164 2129 265 2192 tribus
288 2128 429 2210 gratuito
445 2128 580 2212 accepit,
596 2128 658 2191 hoc
681 2128 778 2212 ipsius
801 2127 918 2190 sobolis
934 2129 1103 2211 posteritas
1118 2127 1314 2191 hereditario

164 2214 328 2298 dignitatis
343 2214 510 2299 privilegio
525 2214 667 2299 possidet
683 2227 715 2278 et
731 2213 888 2298 exposcit.
937 2214 1057 2277 Beatus
1072 2214 1193 2278 etenim
1212 2214 1314 2279 Cuth-

165 2303 276 2365 bertus
292 2301 390 2364 talem
405 2301 449 2364 eis
465 2302 550 2385 pacis
565 2301 786 2386 quietudinem
801 2300 950 2385 praebuit,
968 2301 1055 2386 quod
1078 2301 1182 2364 nullus
1204 2301 1315 2366 hacte-

166 2409 225 2451 nus
241 2387 406 2451 hominum
422 2411 492 2451 eam
508 2390 637 2472 impune
653 2402 811 2452 temerare
834 2387 1046 2471 praesumpsit.
1096 2388 1194 2461 Quod
1217 2389 1315 2452 etiam

166 2475 268 2538 multa
283 2475 507 2538 miraculorum
522 2487 715 2538 attestantur
730 2475 889 2559 exempla,
905 2497 978 2560 quae
998 2476 1095 2537 etiam
1111 2488 1220 2551 nostra
1235 2489 1316 2539 tem·

166 2583 247 2646 pora
269 2561 407 2624 invisunt
427 2562 653 2624 miraculorum
668 2562 781 2625 crebra
795 2561 957 2647 mysteria.
1004 2560 1128 2645 Nuper,
1146 2562 1313 2649 siquidem,

128 2718 131 2726 ,
168 2648 299 2734 quidam
313 2648 510 2733 temporibus
537 2649 603 2712 istis
622 2648 654 2711 in
681 2649 789 2712 Insula
807 2648 962 2733 praedicta
984 2648 1114 2732 praefuit
1128 2649 1184 2734 qui
1206 2649 1317 2712 AEilri-
1413 2707 1417 2714 .

168 2759 224 2799 cus
240 2735 367 2799 nomine
384 2735 498 2812 dictuS,
510 2735 723 2799 heremitandi
739 2735 841 2818 gratia
856 2735 912 2798 illo
927 2735 1067 2811 advenit,
1080 2748 1113 2798 et
1129 2749 1237 2799 tamen
1249 2759 1318 2800 rno-

168 2822 261 2885 nachi
287 2816 432 2886 habitum
458 2823 567 2906 gessit.
615 2822 679 2885 Hic
698 2821 854 2886 Bernardi
877 2821 1017 2885 sacristae
1034 2822 1262 2886 Dunelmensis
1285 2845 1318 2886 a·

170 2909 324 2972 vunculus
340 2908 464 2972 exstitit
478 2933 486 2983 ;
502 2912 555 2994 qui
572 2908 739 2973 heremitae
748 2908 951 2972 solitudinem
964 2909 1092 2992 majoris
1104 2909 1210 2972 meriti
1222 2932 1319 2995 quam

170 2994 318 3058 monachi
333 2994 508 3058 claustralis
522 2995 735 3078 humilitatem
750 3008 784 3059 et
805 2995 992 3079 patientiam
1014 2995 1120 3058 duxit.
1169 2996 1320 3069 Quodam

172 3081 310 3180 denique
334 3093 488 3165 tempare,
506 3082 621 3144 accidit
644 3095 692 3159 ut,
709 3081 901 3146 necessitate
924 3081 1121 3164 negotiante,
1146 3082 1187 3145 de
1214 3083 1321 3145 Insula

172 3189 284 3254 quovts
299 3167 499 3244 abscederet,
516 3180 549 3231 et
565 3168 684 3232 diutius
700 3191 805 3232 moras
821 3168 1014 3232 innectendo
1029 3168 1078 3230 sui
1092 3168 1233 3230 reditum
1247 3191 1322 3252 pro-

173 3255 299 3317 telaret.
348 3253 465 3316 Servus
481 3254 608 3317 interim
623 3255 731 3338 ipsiuS,
749 3254 803 3340 qui
825 3255 857 3316 in
876 3255 983 3318 Insula
1005 3255 1090 3317 solus
1112 3268 1319 3333 remanserat,

173 3338 334 3403 desiderio
349 3340 421 3403 eshs
440 3340 533 3403 Beati
552 3340 725 3404 Cuthberti
736 3342 842 3405 avium
854 3341 1022 3404 aestuabat.
1069 3339 1197 3403 Nullius
1213 3340 1321 3427 itaque

173 3426 285 3489 videns
301 3426 456 3488 obstaculi
472 3426 747 3510 impedimentum,
784 3427 960 3491 uamcitius
972 3439 1137 3510 conceptae
1149 3427 1322 3511 voluptatis

175 3523 418 3577 consumaverat
442 3513 706 3577 emolumentum.
754 3450 840 3576 Nam
866 3514 964 3576 satius
986 3513 1154 3598 judicabat
1184 3513 1323 3597 propriae

175 3599 337 3663 deservire
352 3599 487 3676 libidini,
504 3622 602 3685 quam
626 3600 720 3663 Beati
746 3599 918 3664 Cuthberti
940 3622 1052 3684 parere
1069 3599 1202 3683 imperio
1218 3613 1251 3663 et
1267 3623 1324 3664 vo·

175 3686 302 3750 luntati.
349 3686 402 3749 De
418 3686 599 3750 volueribus
615 3686 712 3770 igitur
727 3686 798 3763 illis,
815 3708 912 3771 quam
927 3687 1057 3750 volebat
1070 3685 1247 3763 meliorem,
1264 3686 1324 3750 sibi

175 3774 398 3858 praeelegerat,
415 3788 449 3836 et
464 3773 511 3836 sui
527 3773 664 3838 esuriem
679 3773 793 3837 satiare
808 3772 991 3836 festinabat.
1041 3773 1117 3850 Sed,
1134 3772 1209 3857 quia
1223 3773 1325 3837 latere

176 3862 306 3924 volebat
321 3872 447 3924 reatum
462 3883 559 3946 quem
573 3860 606 3924 in
621 3873 766 3924 sanctum
786 3860 853 3922 Dei
870 3860 1095 3924 Confessorem
1110 3858 1324 3938 commiserat,

177 3948 244 4011 avis
260 3947 407 4020 carnibus
423 3971 479 4011 esu
496 3947 701 4031 consumptis,
715 3948 838 4031 plumas
854 3969 927 4009 cum
942 3946 1064 4010 ossibus
1080 3945 1227 4009 omnibus
1242 3946 1326 4010 illius

177 4034 360 4117 diligentius
377 4035 530 4112 collectis,
547 4035 673 4098 diversa
696 4056 753 4118 per
768 4035 906 4118 aequoris
920 4033 1032 4096 littora
1055 4055 1094 4096 ea
1117 4032 1277 4116 dispersit,
1294 4046 1328 4098 et

178 4121 318 4184 securius
346 4122 433 4184 domi
458 4122 631 4186 adventum
657 4120 824 4184 heremitae
851 4120 1053 4204 expectando
1078 4132 1112 4182 et
1138 4120 1224 4182 solus
1249 4120 1328 4184 resi-

179 4207 286 4271 dendo
302 4209 462 4272 sustinuit.
510 4209 618 4272 Multo
633 4209 763 4271 demum
778 4207 982 4270 interfluente
999 4219 1155 4290 tempore,
1172 4205 1330 4271 heremita

179 4294 221 4357 ad
244 4295 379 4358 insulam
394 4309 605 4373 remeaverat,
623 4308 655 4359 et
671 4295 832 4358 subiturus
848 4293 962 4378 prime,
980 4292 1131 4356 orationis
1147 4293 1260 4376 gratia,
1277 4316 1330 4357 ee-

178 4380 286 4445 clesiae
313 4382 407 4448 Beati
436 4382 607 4447 Cuthberti
633 4382 752 4460 limina,
770 4380 851 4444 infra
875 4380 1018 4444 ecclesiae
1041 4379 1181 4444 hostium
1207 4381 1331 4464 plumas
