2924 4966
477 404 658 455 ouusmr.
688 404 889 467 ιιιιιιιιιι,
916 404 1000 454 arc.
1237 390 1303 461 lus

157 569 283 634 diversa
294 566 463 633 ecclesiae
455 568 552 655 ipsius
562 568 700 632 aedilicia
714 592 809 655 quam
821 570 993 633 multorum
1009 569 1062 633 dii
1053 592 1078 631 ι
1081 592 1132 631 ιιιιι
1149 583 1182 633 tc
1183 592 1198 631 r
1200 572 1299 633 ruinor

156 670 411 722 consumaverat.
460 656 627 756 Siquidem
646 671 678 720 et
703 656 794 721 Beati
814 658 984 721 Cuthberti
1000 659 1086 721 norit
1113 658 1299 743 potentiam,

156 760 187 809 et
205 746 364 809 virtutum
387 744 620 844 frequentem
613 767 645 807 ιιι
671 744 738 807 aliis
763 743 854 829 pleni
879 744 1033 809 didicerat
1056 746 1299 829 experientiam

160 833 259 899 Unde
274 846 310 898 et
324 832 367 897 ad
386 831 446 896 sibi
462 834 624 918 quondam
640 848 717 895 uota
731 832 873 915 confugit
890 833 1048 917 praesidia,
1065 857 1137 919 quie
1129 835 1298 897 omuibus

157 935 310 1007 expertus
325 920 431 985 suerat
450 933 562 1005 optata
580 920 683 984 solere
703 921 848 985 conferre
871 921 1023 985 remedia.
1070 920 1179 985 Noctu
1203 922 1299 1005 igitur

157 1021 188 1073 et
208 1009 275 1087 die,
303 1008 398 1072 Beati
424 1007 596 1073 Cuthberti
619 1008 820 1072 clementiam
849 1008 1057 1094 implor;abat
1081 1024 1113 1073 et
1137 1032 1299 1097 nunquam

156 1096 250 1182 ipsius
274 1095 410 1161 nominis
433 1096 621 1160 memoriam
643 1096 763 1159 avocis
785 1119 865 1160 sono
882 1096 931 1160 tel
954 1097 1169 1161 meditationis
1191 1098 1298 1161 studio

155 1184 307 1250 recedere
319 1183 537 1269 permittebat.
586 1182 691 1268 Igitur
702 1184 822 1247 Beatus
837 1184 1046 1262 Cutlrbertus,
1060 1186 1162 1248 solitae
1172 1185 1298 1270 pietatis

155 1294 219 1337 non
245 1272 376 1350 oblitus,
399 1272 508 1336 statim
533 1271 811 1337 Constabularium
836 1271 934 1349 illum,
964 1272 1139 1357 Rogerium
1168 1274 1296 1352 Pereia,

155 1382 244 1445 gravi
234 1360 441 1424 infirmitate
457 1360 622 1444 percussit,
640 1372 673 1423 et
688 1382 746 1443 per
761 1360 828 1424 dies
851 1360 1003 1444 plurimos
1020 1360 1253 1444 aegritudine
1225 1363 1298 1425 vrri-

155 1448 213 1513 bus
225 1447 291 1513 suis
301 1448 509 1549 praevalente,
523 1448 609 1511 lecto
621 1470 679 1510 suo
694 1447 857 1512 decubuit
907 1448 972 1512 Sed
988 1472 1028 1511 ne
1044 1449 1217 1534 ignorarqet
1235 1452 1298 1536 qua

155 1536 196 1601 de
207 1537 304 1601 causa
316 1535 387 1600 haee
402 1534 462 1600 sibi
478 1535 644 1601 infirmitas
653 1534 830 1613 accidisset,
848 1536 967 1599 Beatus
988 1537 1196 1612 Cuthbertus,
1207 1538 1296 1624 qnasi

154 1645 213 1709 per
235 1622 469 1689 internuntium
492 1623 641 1710 aliquem,
669 1624 765 1709 quim
792 1623 911 1725 soepius·
931 1624 1118 1709 praedictum
1143 1624 1297 1688 famulum

154 1734 250 1775 suum
271 1709 479 1811 praecipiebat
493 1711 671 1787 exsolrere,
689 1734 729 1774 eo
749 1711 848 1798 quod,
865 1734 912 1774 sur
905 1712 970 1775 'de
986 1713 1090 1788 causa,
1108 1711 1222 1775 merito
1241 1712 1298 1776 de-

154 1800 249 1865 beret
278 1812 327 1863 tot
352 1798 573 1863 infirmitatum
602 1798 749 1884 periculis
779 1799 955 1884 subjacere.
1003 1810 1025 1840 ‘⁴
1040 1800 1125 1875 'lu,”
1134 1798 1297 1899 inquiens

155 1887 298 1965 nuntius,
317 1886 448 1951 “Beati
466 1885 637 1951 Cuthberti
661 1888 820 1951 servulum
844 1887 1010 1971 colliglsti,
1028 1901 1061 1951 et
1083 1886 1198 1951 iccirco
1221 1902 1296 1952 tunc

154 1974 219 2041 suis
233 1974 499 2060 alligari'vinculis
514 1974 740 2038 commeruisti.
787 1974 858 2038 Nee
874 1997 1013 2061 uuquam
1029 1988 1064 2039 tu
1080 1977 1121 2039 ab
1136 1976 1195 2038 hae
1212 1975 1297 2039 infir-

153 2062 267 2129 mitate
281 2062 403 2163 poteris
418 2062 701 2140 convalescere,'
671 2062 729 2126 msi
744 2062 831 2148 prius
852 2062 954 2126 Beato
974 2064 1119 2127 Cuthber
1122 2080 1154 2127 to
1170 2086 1296 2127 serium

154 2174 248 2216 suurn
267 2149 397 2215 enitaris
415 2150 614 2215 restitueress’
663 2150 744 2214 Haec
771 2151 890 2214 Beatus
909 2151 1105 2215 Cutlrbertus
1125 2174 1245 2239 quam
1239 2175 1298 2215 sae-

154 2239 236 2325 pius,
252 2253 348 2303 nocte
363 2251 397 2303 et
412 2238 476 2316 die,
493 2237 600 2337 quasi
598 2238 630 2301 in
645 2238 816 2323 peregrino
830 2238 998 2316 habitu,
971 2261 1001 2302 er
1017 2238 1193 2304 intimando
1216 2263 1298 2349 prae-

153 2327 251 2413 cepit,
265 2341 299 2392 et
313 2326 496 2391 mandando
508 2325 619 2389 mortis
634 2326 776 2411 periculo
792 2349 826 2389 se
842 2326 888 2389 int
890 2350 962 2410 emp
965 2340 1116 2406 taturum‚
1131 2328 1189 2391 nisi
1205 2327 1297 2392 eitius

154 2438 229 2480 eum
252 2415 445 2491 exsolveret,
473 2427 605 2477 ιιιιιιιιιιι
606 2416 642 2477 ιι
690 2415 767 2478 Fort
755 2414 844 2477 tassis
868 2414 978 2479 videre
1006 2415 1098 2479 Beati
1125 2416 1297 2481 Cuthberti

153 2503 290 2589 gloriam
305 2525 369 2566 non
380 2515 552 2579 meruerat,
569 2515 603 2565 et
619 2502 733 2566 iccirco
749 2501 781 2564 in
804 2505 974 2586 peregrino
990 2526 1019 2566 er
1010 2503 1150 2568 'habitu
1165 2527 1298 2589 appare-

154 2590 222 2656 bat.
271 2590 330 2655 Ille
348 2608 454 2655 tamen
469 2591 635 2654 absolvere
647 2613 722 2654 eum
733 2612 797 2653 non
813 2593 928 2674 potuit,
942 2614 982 2654 eo
998 2592 1085 2677 quod
1100 2593 1298 2657 domiuosuo

157 2678 307 2743 Boberto
325 2678 439 2756 Eivile‚
457 2678 588 2744 Castelli
608 2678 776 2762 Magistro,
787 2677 968 2763 hujusmodi
980 2680 1134 2763 potentiae
1150 2703 1226 2745 cura
1241 2705 1299 2745 ex-

154 2766 249 2831 stitit.
262 2794 265 2799 ·
298 2766 507 2852 Captivorum
516 2765 635 2830 etenim
648 2766 778 2843 donum,
795 2766 933 2849 pretium
945 2784 978 2830 et
993 2768 1184 2852 redemptio,
1202 2769 1298 2832 solius

153 2853 277 2919 domini
295 2854 379 2919 illius
397 2867 467 2919 erat
488 2854 622 2931 lucrum,
640 2854 724 2938 pacti
740 2855 916 2931 decretum,
941 2867 975 2917 et
997 2855 1211 2940 dispositionis
1234 2857 1299 2920 dis-

152 2941 313 3029 pensatio.
359 2941 491 3006 Namid
509 2941 605 3027 ipsius
621 2942 699 3005 lucri
719 2954 788 3005 erat
808 2943 1070 3019 emolumentum,
1088 2956 1121 3006 et
1143 2945 1298 3027 potentiae

151 3030 281 3095 virtutis
293 3030 442 3115 generale
454 3031 629 3094 decretum.
670 3031 753 3094 Cum
764 3030 1007 3115 praepositorum
1017 3030 1146 3116 quidem
1157 3030 1299 3094 Domino

152 3140 266 3183 omnes
290 3117 408 3203 captivi
432 3116 662 3202 redemptionis
687 3140 753 3180 suoe
777 3118 939 3182 debebant
962 3117 1096 3182 definire
1122 3117 1298 3203 proposito·

155 3204 287 3291 Nempe
309 3205 471 3284 vinculati,
496 3205 679 3290 compediti,
705 3206 756 3269 vel
780 3204 959 3270 carceribus
982 3206 1163 3290 mancipati,
1188 3229 1298 3270 omnes

152 3294 212 3359 sub
230 3293 330 3379 ipsius
352 3293 487 3379 imperio
507 3292 704 3369 militabant3
721 3293 908 3371 sullevandi,
925 3293 1092 3369 liberandi,
1110 3293 1175 3357 sive
1195 3293 1297 3357 acrius

152 3381 319 3468 puniendi.
369 3381 513 3445 Militum
536 3380 633 3446 etiam
655 3395 689 3445 et
711 3380 940 3465 armigerorum
963 3380 1081 3465 proprii
1106 3381 1206 3445 debiti
1229 3395 1298 3446 erat

152 3468 299 3555 captivos
321 3469 500 3544 adducere;
524 3469 680 3533 adductos
695 3481 803 3533 autem
822 3471 880 3532 sub
902 3469 1032 3533 Domini
1057 3483 1219 3554 praecepto
1235 3469 1299 3533 dis·-

152 3568 311 3643 pensante
325 3557 526 3621 committere
540 3581 549 3632 3
572 3556 704 3621 ulteribs
720 3579 797 3620 vero
812 3557 909 3620 solius
931 3557 1061 3619 Domini
1078 3572 1146 3620 erat
1162 3580 1220 3642 pro
1241 3559 1297 3620 sua

153 3644 374 3731 dispositione,
396 3645 577 3731 torquendo
599 3644 722 3729 punire,
744 3645 796 3708 vel
817 3668 876 3729 pro
899 3645 992 3729 pacta
1015 3658 1048 3708 et
1070 3644 1226 3709 foederata
1247 3667 1298 3708 re-

154 3732 341 3818 demptione
356 3731 530 3796 dimittere.
580 3732 653 3806 Qua
668 3733 709 3796 de
724 3734 818 3795 causa
833 3733 984 3816 praelatus
1003 3732 1160 3816 Rogerius
1179 3733 1296 3797 Paveie

176 3844 253 3885 uam
275 3819 474 3908 frequentius
499 3842 558 3905 pro
585 3821 702 3884 servuli
726 3820 810 3883 illius
834 3820 982 3883 libertate
1009 3821 1095 3905 apud
1120 3821 1296 3885 Dominum

153 3842 246 3973 illum
275 3908 483 3995 supplicando
512 3908 665 3991 rogabat3
701 3909 757 3972 sed
788 3907 907 3972 diutius
933 3907 1107 3971 insistendo
1137 3908 1294 3992 precibuS,
1348 3956 1351 3962 .

153 3996 253 4061 nichil
283 3996 454 4082 impetrare
483 3997 689 4095 praevalebat.
737 3995 821 4059 Nam
851 3996 949 4079 pluris
976 4009 1045 4059 crat
1073 3996 1215 4058 Domino
1239 4018 1297 4059 suo

154 4084 283 4171 cupidae
304 4083 451 4149 avariciae
478 4083 641 4148 exsaciare
671 4083 846 4159 libidinem,
870 4107 965 4169 quam
995 4084 1043 4146 sui
1073 4084 1297 4146 constabularii

155 4172 333 4258 optinendo
356 4172 566 4257 promeruisse
586 4171 732 4235 salutem.
779 4170 900 4236 Milites
916 4171 1044 4257 quidem
1067 4172 1168 4234 multo
1191 4172 1297 4255 plures

155 4282 222 4324 suae
244 4260 381 4326 maliciae
407 4258 637 4322 confoederales
659 4258 783 4336 habuit,
808 4282 887 4346 quos
903 4259 978 4322 satis
996 4258 1052 4324 tali
1073 4258 1224 4345 nequitiae
1233 4283 1296 4362 'po-

156 4361 242 4413 terat
263 4347 370 4435 operis
393 4347 559 4430 deputare
617 4347 692 4410 Suae
714 4370 792 4411 vero
815 4347 961 4411 arariciae
987 4348 1108 4411 loculos
1135 4349 1297 4414 exsaciare

156 4458 191 4501 se
215 4458 311 4525 posse
337 4454 404 4499 non
429 4433 576 4511 credidit,
604 4446 637 4498 et
659 4434 789 4584 quanqlo
815 4434 886 4497 talis
912 4435 1049 4498 fortunae
1079 4436 1222 4519 praedam
1247 4436 1300 4499 vel

703 4539 726 4584 n
