<?xml version="1.0" encoding="UTF-8"?>
<!DOCTYPE html PUBLIC "-//W3C//DTD XHTML 1.0 Transitional//EN"
    "http://www.w3.org/TR/xhtml1/DTD/xhtml1-transitional.dtd">
<html xmlns="http://www.w3.org/1999/xhtml" xml:lang="en" lang="en">
 <head>
  <title>
</title>
<meta http-equiv="Content-Type" content="text/html;charset=utf-8" />
  <meta name='ocr-system' content='tesseract 3.04.00' />
  <meta name='ocr-capabilities' content='ocr_page ocr_carea ocr_par ocr_line ocrx_word'/>
</head>
<body>
  <div class='ocr_page' id='page_1' title='image "./reginaldimonach00regigoog_0259.png"; bbox 0 0 2924 4966; ppageno 0'>
   <div class='ocr_carea' id='block_1_1' title="bbox 156 355 946 422">
    <p class='ocr_par' dir='ltr' id='par_1_1' title="bbox 156 355 946 422">
     <span class='ocr_line' id='line_1_1' title="bbox 156 355 946 422; baseline -0.004 -2"><span class='ocrx_word' id='word_1_1' title='bbox 156 355 231 422; x_wconf 59' lang='lat' dir='ltr'>tlt</span> <span class='ocrx_word' id='word_1_2' title='bbox 512 367 729 418; x_wconf 73' lang='lat' dir='ltr'>nacturum</span> <span class='ocrx_word' id='word_1_3' title='bbox 762 367 946 417; x_wconf 72' lang='lat' dir='ltr'>monacus</span> 
     </span>
    </p>
   </div>
   <div class='ocr_carea' id='block_1_2' title="bbox 157 527 1321 2538">
    <p class='ocr_par' dir='ltr' id='par_1_2' title="bbox 157 527 1321 2538">
     <span class='ocr_line' id='line_1_2' title="bbox 157 527 1309 620; baseline 0 -24"><span class='ocrx_word' id='word_1_4' title='bbox 157 531 389 620; x_wconf 79' lang='lat' dir='ltr'><strong>plenitudinem</strong></span> <span class='ocrx_word' id='word_1_5' title='bbox 406 531 634 616; x_wconf 80' lang='lat' dir='ltr'>denegaveri53</span> <span class='ocrx_word' id='word_1_6' title='bbox 651 530 709 595; x_wconf 90' lang='lat' dir='ltr'>sed</span> <span class='ocrx_word' id='word_1_7' title='bbox 724 553 851 616; x_wconf 84' lang='lat' dir='ltr'>semper</span> <span class='ocrx_word' id='word_1_8' title='bbox 870 527 1021 596; x_wconf 68' lang='lat' dir='ltr'>habunde</span> <span class='ocrx_word' id='word_1_9' title='bbox 1036 553 1111 595; x_wconf 85' lang='lat' dir='ltr'>curn</span> <span class='ocrx_word' id='word_1_10' title='bbox 1126 530 1309 618; x_wconf 81' lang='lat' dir='ltr'><strong>hylaritate,</strong></span> 
     </span>
     <span class='ocr_line' id='line_1_3' title="bbox 158 617 1314 705; baseline -0.002 -20"><span class='ocrx_word' id='word_1_11' title='bbox 158 636 192 685; x_wconf 92' lang='lat' dir='ltr'>et</span> <span class='ocrx_word' id='word_1_12' title='bbox 215 619 369 705; x_wconf 77' lang='lat' dir='ltr'>hylariter</span> <span class='ocrx_word' id='word_1_13' title='bbox 384 643 457 683; x_wconf 91' lang='lat' dir='ltr'>cum</span> <span class='ocrx_word' id='word_1_14' title='bbox 476 619 619 703; x_wconf 74' lang='lat' dir='ltr'>jocunda</span> <span class='ocrx_word' id='word_1_15' title='bbox 634 618 818 696; x_wconf 90' lang='lat' dir='ltr'>devotione,</span> <span class='ocrx_word' id='word_1_16' title='bbox 835 618 983 682; x_wconf 91' lang='lat' dir='ltr'>omuibus</span> <span class='ocrx_word' id='word_1_17' title='bbox 998 617 1085 683; x_wconf 90' lang='lat' dir='ltr'>dona</span> <span class='ocrx_word' id='word_1_18' title='bbox 1107 619 1266 704; x_wconf 80' lang='lat' dir='ltr'>largitatis</span> <span class='ocrx_word' id='word_1_19' title='bbox 1280 633 1314 683; x_wconf 81' lang='lat' dir='ltr'>et</span> 
     </span>
     <span class='ocr_line' id='line_1_4' title="bbox 159 705 1314 793; baseline -0.001 -21"><span class='ocrx_word' id='word_1_20' title='bbox 159 706 301 793; x_wconf 84' lang='lat' dir='ltr'>gratuita</span> <span class='ocrx_word' id='word_1_21' title='bbox 316 706 475 791; x_wconf 88' lang='lat' dir='ltr'>stipendia</span> <span class='ocrx_word' id='word_1_22' title='bbox 490 705 589 769; x_wconf 88' lang='lat' dir='ltr'>divini</span> <span class='ocrx_word' id='word_1_23' title='bbox 609 705 747 770; x_wconf 90' lang='lat' dir='ltr'>muneris</span> <span class='ocrx_word' id='word_1_24' title='bbox 767 705 950 791; x_wconf 88' lang='lat' dir='ltr'>dispensare</span> <span class='ocrx_word' id='word_1_25' title='bbox 970 705 1184 777; x_wconf 82' lang='lat' dir='ltr'>memineris,”</span> <span class='ocrx_word' id='word_1_26' title='bbox 1235 707 1314 781; x_wconf 87' lang='lat' dir='ltr'>Qui-</span> 
     </span>
     <span class='ocr_line' id='line_1_5' title="bbox 160 793 1315 879; baseline 0.001 -21"><span class='ocrx_word' id='word_1_27' title='bbox 160 797 220 858; x_wconf 90' lang='lat' dir='ltr'>bus</span> <span class='ocrx_word' id='word_1_28' title='bbox 245 793 382 857; x_wconf 87' lang='lat' dir='ltr'>famulus</span> <span class='ocrx_word' id='word_1_29' title='bbox 407 794 460 858; x_wconf 82' lang='lat' dir='ltr'>ille</span> <span class='ocrx_word' id='word_1_30' title='bbox 485 793 612 869; x_wconf 85' lang='lat' dir='ltr'>auditis,</span> <span class='ocrx_word' id='word_1_31' title='bbox 638 808 704 856; x_wconf 91' lang='lat' dir='ltr'>tam</span> <span class='ocrx_word' id='word_1_32' title='bbox 728 793 922 878; x_wconf 82' lang='lat' dir='ltr'><strong>pauperibus</strong></span> <span class='ocrx_word' id='word_1_33' title='bbox 948 815 1044 879; x_wconf 88' lang='lat' dir='ltr'>quam</span> <span class='ocrx_word' id='word_1_34' title='bbox 1070 793 1250 879; x_wconf 85' lang='lat' dir='ltr'>hospitibus</span> <span class='ocrx_word' id='word_1_35' title='bbox 1273 795 1315 859; x_wconf 86' lang='lat' dir='ltr'>de</span> 
     </span>
     <span class='ocr_line' id='line_1_6' title="bbox 160 879 1314 966; baseline 0.001 -22"><span class='ocrx_word' id='word_1_36' title='bbox 160 880 318 966; x_wconf 73' lang='lat' dir='ltr'>praedicto</span> <span class='ocrx_word' id='word_1_37' title='bbox 345 880 434 945; x_wconf 91' lang='lat' dir='ltr'>dolio</span> <span class='ocrx_word' id='word_1_38' title='bbox 456 879 694 945; x_wconf 77' lang='lat' dir='ltr'>habundantius</span> <span class='ocrx_word' id='word_1_39' title='bbox 717 880 938 945; x_wconf 87' lang='lat' dir='ltr'>exhauriendo</span> <span class='ocrx_word' id='word_1_40' title='bbox 961 880 1088 959; x_wconf 90' lang='lat' dir='ltr'>effudit,</span> <span class='ocrx_word' id='word_1_41' title='bbox 1109 895 1143 946; x_wconf 89' lang='lat' dir='ltr'>et</span> <span class='ocrx_word' id='word_1_42' title='bbox 1166 881 1314 945; x_wconf 89' lang='lat' dir='ltr'>omnibus</span> 
     </span>
     <span class='ocr_line' id='line_1_7' title="bbox 184 966 1314 1054; baseline 0.002 -22"><span class='ocrx_word' id='word_1_43' title='bbox 184 970 346 1032; x_wconf 90' lang='lat' dir='ltr'>etentibus</span> <span class='ocrx_word' id='word_1_44' title='bbox 362 968 492 1054; x_wconf 88' lang='lat' dir='ltr'>eopiosa</span> <span class='ocrx_word' id='word_1_45' title='bbox 508 990 639 1033; x_wconf 88' lang='lat' dir='ltr'>munera</span> <span class='ocrx_word' id='word_1_46' title='bbox 653 966 824 1052; x_wconf 75' lang='lat' dir='ltr'>gratiosius</span> <span class='ocrx_word' id='word_1_47' title='bbox 844 967 1090 1032; x_wconf 87' lang='lat' dir='ltr'>administravit.</span> <span class='ocrx_word' id='word_1_48' title='bbox 1138 968 1226 1034; x_wconf 87' lang='lat' dir='ltr'>Mira</span> <span class='ocrx_word' id='word_1_49' title='bbox 1241 970 1314 1034; x_wconf 88' lang='lat' dir='ltr'>resl</span> 
     </span>
     <span class='ocr_line' id='line_1_8' title="bbox 162 992 1316 1142; baseline 0 -22"><span class='ocrx_word' id='word_1_50' title='bbox 162 992 229 1120; x_wconf 74' lang='lat' dir='ltr'>l&#39;er</span> <span class='ocrx_word' id='word_1_51' title='bbox 244 1056 358 1119; x_wconf 89' lang='lat' dir='ltr'>decem</span> <span class='ocrx_word' id='word_1_52' title='bbox 373 1069 407 1121; x_wconf 91' lang='lat' dir='ltr'>et</span> <span class='ocrx_word' id='word_1_53' title='bbox 422 1070 498 1120; x_wconf 90' lang='lat' dir='ltr'>octo</span> <span class='ocrx_word' id='word_1_54' title='bbox 513 1055 592 1133; x_wconf 89' lang='lat' dir='ltr'>dies,</span> <span class='ocrx_word' id='word_1_55' title='bbox 611 1069 677 1119; x_wconf 87' lang='lat' dir='ltr'>tam</span> <span class='ocrx_word' id='word_1_56' title='bbox 693 1055 843 1118; x_wconf 81' lang='lat' dir='ltr'>fratribus</span> <span class='ocrx_word' id='word_1_57' title='bbox 859 1055 1064 1132; x_wconf 88' lang='lat' dir='ltr'>sufficienter,</span> <span class='ocrx_word' id='word_1_58' title='bbox 1081 1078 1178 1142; x_wconf 91' lang='lat' dir='ltr'>quarn</span> <span class='ocrx_word' id='word_1_59' title='bbox 1193 1057 1316 1122; x_wconf 90' lang='lat' dir='ltr'>adven-</span> 
     </span>
     <span class='ocr_line' id='line_1_9' title="bbox 163 1142 1319 1228; baseline -0.001 -21"><span class='ocrx_word' id='word_1_60' title='bbox 163 1143 305 1207; x_wconf 89' lang='lat' dir='ltr'>tantibus</span> <span class='ocrx_word' id='word_1_61' title='bbox 320 1143 499 1228; x_wconf 89' lang='lat' dir='ltr'>hospitibus</span> <span class='ocrx_word' id='word_1_62' title='bbox 511 1142 745 1219; x_wconf 83' lang='lat' dir='ltr'>habundanter,</span> <span class='ocrx_word' id='word_1_63' title='bbox 759 1155 793 1206; x_wconf 88' lang='lat' dir='ltr'>et</span> <span class='ocrx_word' id='word_1_64' title='bbox 805 1143 997 1227; x_wconf 89' lang='lat' dir='ltr'>pauperibus</span> <span class='ocrx_word' id='word_1_65' title='bbox 1010 1157 1044 1207; x_wconf 90' lang='lat' dir='ltr'>et</span> <span class='ocrx_word' id='word_1_66' title='bbox 1056 1142 1189 1207; x_wconf 89' lang='lat' dir='ltr'>infirmis</span> <span class='ocrx_word' id='word_1_67' title='bbox 1204 1156 1319 1228; x_wconf 89' lang='lat' dir='ltr'>peten-</span> 
     </span>
     <span class='ocr_line' id='line_1_10' title="bbox 163 1229 1315 1314; baseline 0.001 -20"><span class='ocrx_word' id='word_1_68' title='bbox 163 1230 249 1295; x_wconf 88' lang='lat' dir='ltr'>tibus</span> <span class='ocrx_word' id='word_1_69' title='bbox 280 1229 483 1308; x_wconf 75' lang='lat' dir='ltr'>inundanter,</span> <span class='ocrx_word' id='word_1_70' title='bbox 515 1229 591 1293; x_wconf 90' lang='lat' dir='ltr'>dolii</span> <span class='ocrx_word' id='word_1_71' title='bbox 622 1229 726 1314; x_wconf 79' lang='lat' dir='ltr'>ipsius.</span> <span class='ocrx_word' id='word_1_72' title='bbox 745 1229 835 1314; x_wconf 87' lang='lat' dir='ltr'>larga</span> <span class='ocrx_word' id='word_1_73' title='bbox 863 1229 1031 1314; x_wconf 89' lang='lat' dir='ltr'>plenitudo</span> <span class='ocrx_word' id='word_1_74' title='bbox 1060 1230 1252 1307; x_wconf 83' lang='lat' dir='ltr'>suffecerat3</span> <span class='ocrx_word' id='word_1_75' title='bbox 1282 1244 1315 1295; x_wconf 90' lang='lat' dir='ltr'>et</span> 
     </span>
     <span class='ocr_line' id='line_1_11' title="bbox 164 1316 1317 1405; baseline 0.001 -24"><span class='ocrx_word' id='word_1_76' title='bbox 164 1317 328 1383; x_wconf 85' lang='lat' dir='ltr'>defectum</span> <span class='ocrx_word' id='word_1_77' title='bbox 346 1317 410 1382; x_wconf 88' lang='lat' dir='ltr'>Dei</span> <span class='ocrx_word' id='word_1_78' title='bbox 434 1317 645 1401; x_wconf 87' lang='lat' dir='ltr'>multiplicata</span> <span class='ocrx_word' id='word_1_79' title='bbox 666 1317 851 1405; x_wconf 78' lang='lat' dir='ltr'>benedictio</span> <span class='ocrx_word' id='word_1_80' title='bbox 873 1316 941 1402; x_wconf 89' lang='lat' dir='ltr'>pati</span> <span class='ocrx_word' id='word_1_81' title='bbox 963 1340 1028 1381; x_wconf 90' lang='lat' dir='ltr'>non</span> <span class='ocrx_word' id='word_1_82' title='bbox 1050 1331 1191 1402; x_wconf 85' lang='lat' dir='ltr'>poterat.</span> <span class='ocrx_word' id='word_1_83' title='bbox 1240 1319 1317 1382; x_wconf 90' lang='lat' dir='ltr'>Plu·</span> 
     </span>
     <span class='ocr_line' id='line_1_12' title="bbox 164 1404 1317 1492; baseline 0.001 -24"><span class='ocrx_word' id='word_1_84' title='bbox 164 1428 280 1492; x_wconf 90' lang='lat' dir='ltr'>resque</span> <span class='ocrx_word' id='word_1_85' title='bbox 303 1405 410 1481; x_wconf 90' lang='lat' dir='ltr'>solito,</span> <span class='ocrx_word' id='word_1_86' title='bbox 428 1421 493 1481; x_wconf 83' lang='lat' dir='ltr'>tarn</span> <span class='ocrx_word' id='word_1_87' title='bbox 509 1405 652 1490; x_wconf 85' lang='lat' dir='ltr'>hospites</span> <span class='ocrx_word' id='word_1_88' title='bbox 668 1427 764 1490; x_wconf 89' lang='lat' dir='ltr'>quarn</span> <span class='ocrx_word' id='word_1_89' title='bbox 787 1417 966 1488; x_wconf 90' lang='lat' dir='ltr'>poscentes,</span> <span class='ocrx_word' id='word_1_90' title='bbox 982 1404 1031 1468; x_wconf 90' lang='lat' dir='ltr'>his</span> <span class='ocrx_word' id='word_1_91' title='bbox 1046 1405 1161 1469; x_wconf 90' lang='lat' dir='ltr'>diebus</span> <span class='ocrx_word' id='word_1_92' title='bbox 1176 1406 1317 1479; x_wconf 86' lang='lat' dir='ltr'>advene-</span> 
     </span>
     <span class='ocr_line' id='line_1_13' title="bbox 164 1491 1317 1584; baseline 0.003 -30"><span class='ocrx_word' id='word_1_93' title='bbox 164 1507 247 1570; x_wconf 84' lang='lat' dir='ltr'>rant,</span> <span class='ocrx_word' id='word_1_94' title='bbox 259 1506 293 1556; x_wconf 91' lang='lat' dir='ltr'>et</span> <span class='ocrx_word' id='word_1_95' title='bbox 302 1491 538 1584; x_wconf 68' lang='lat' dir='ltr'>habundantius</span> <span class='ocrx_word' id='word_1_96' title='bbox 551 1491 777 1556; x_wconf 82' lang='lat' dir='ltr'>exhaurientes</span> <span class='ocrx_word' id='word_1_97' title='bbox 788 1514 915 1576; x_wconf 88' lang='lat' dir='ltr'>semper</span> <span class='ocrx_word' id='word_1_98' title='bbox 925 1491 1050 1576; x_wconf 88' lang='lat' dir='ltr'>copiam</span> <span class='ocrx_word' id='word_1_99' title='bbox 1060 1494 1317 1576; x_wconf 84' lang='lat' dir='ltr'>praestantiorern</span> 
     </span>
     <span class='ocr_line' id='line_1_14' title="bbox 165 1579 1318 1664; baseline 0.002 -21"><span class='ocrx_word' id='word_1_100' title='bbox 165 1580 382 1661; x_wconf 80' lang='lat' dir='ltr'>inveniebant.</span> <span class='ocrx_word' id='word_1_101' title='bbox 430 1579 499 1645; x_wconf 87' lang='lat' dir='ltr'>Nec</span> <span class='ocrx_word' id='word_1_102' title='bbox 524 1579 600 1643; x_wconf 90' lang='lat' dir='ltr'>dolii</span> <span class='ocrx_word' id='word_1_103' title='bbox 624 1579 721 1664; x_wconf 91' lang='lat' dir='ltr'>ipsius</span> <span class='ocrx_word' id='word_1_104' title='bbox 744 1579 947 1662; x_wconf 87' lang='lat' dir='ltr'>plenitudinis</span> <span class='ocrx_word' id='word_1_105' title='bbox 970 1579 1154 1655; x_wconf 81' lang='lat' dir='ltr'>benedictio</span> <span class='ocrx_word' id='word_1_106' title='bbox 1177 1580 1318 1659; x_wconf 78' lang='lat' dir='ltr'>deficere</span> 
     </span>
     <span class='ocr_line' id='line_1_15' title="bbox 165 1667 1318 1754; baseline 0.001 -23"><span class='ocrx_word' id='word_1_107' title='bbox 165 1680 314 1753; x_wconf 88' lang='lat' dir='ltr'>poterat;</span> <span class='ocrx_word' id='word_1_108' title='bbox 329 1691 495 1754; x_wconf 91' lang='lat' dir='ltr'>quousque</span> <span class='ocrx_word' id='word_1_109' title='bbox 512 1667 543 1730; x_wconf 89' lang='lat' dir='ltr'>in</span> <span class='ocrx_word' id='word_1_110' title='bbox 566 1667 785 1752; x_wconf 90' lang='lat' dir='ltr'>promptuario</span> <span class='ocrx_word' id='word_1_111' title='bbox 805 1667 908 1730; x_wconf 91' lang='lat' dir='ltr'>omnis</span> <span class='ocrx_word' id='word_1_112' title='bbox 923 1680 1042 1732; x_wconf 85' lang='lat' dir='ltr'>caetera</span> <span class='ocrx_word' id='word_1_113' title='bbox 1056 1667 1217 1749; x_wconf 86' lang='lat' dir='ltr'>doliorum</span> <span class='ocrx_word' id='word_1_114' title='bbox 1227 1669 1318 1747; x_wconf 39' lang='lat' dir='ltr'>:mul-</span> 
     </span>
     <span class='ocr_line' id='line_1_16' title="bbox 165 1752 1318 1841; baseline 0.001 -23"><span class='ocrx_word' id='word_1_115' title='bbox 165 1755 273 1819; x_wconf 91' lang='lat' dir='ltr'>titudo</span> <span class='ocrx_word' id='word_1_116' title='bbox 288 1754 379 1818; x_wconf 91' lang='lat' dir='ltr'>donis</span> <span class='ocrx_word' id='word_1_117' title='bbox 397 1755 460 1819; x_wconf 90' lang='lat' dir='ltr'>Dei</span> <span class='ocrx_word' id='word_1_118' title='bbox 481 1752 680 1839; x_wconf 76' lang='lat' dir='ltr'>potissimum</span> <span class='ocrx_word' id='word_1_119' title='bbox 695 1754 892 1838; x_wconf 86' lang='lat' dir='ltr'>replebatur.</span> <span class='ocrx_word' id='word_1_120' title='bbox 940 1754 1025 1818; x_wconf 91' lang='lat' dir='ltr'>Hinc</span> <span class='ocrx_word' id='word_1_121' title='bbox 1041 1754 1187 1819; x_wconf 91' lang='lat' dir='ltr'>contueri</span> <span class='ocrx_word' id='word_1_122' title='bbox 1207 1779 1318 1841; x_wconf 86' lang='lat' dir='ltr'>possu-</span> 
     </span>
     <span class='ocr_line' id='line_1_17' title="bbox 166 1840 1317 1928; baseline 0.001 -23"><span class='ocrx_word' id='word_1_123' title='bbox 166 1864 237 1905; x_wconf 90' lang='lat' dir='ltr'>mus</span> <span class='ocrx_word' id='word_1_124' title='bbox 254 1841 333 1905; x_wconf 93' lang='lat' dir='ltr'>illud</span> <span class='ocrx_word' id='word_1_125' title='bbox 351 1841 413 1906; x_wconf 90' lang='lat' dir='ltr'>Dei</span> <span class='ocrx_word' id='word_1_126' title='bbox 435 1840 635 1928; x_wconf 87' lang='lat' dir='ltr'>proloquium</span> <span class='ocrx_word' id='word_1_127' title='bbox 655 1841 804 1926; x_wconf 91' lang='lat' dir='ltr'>operibus</span> <span class='ocrx_word' id='word_1_128' title='bbox 828 1841 1005 1926; x_wconf 90' lang='lat' dir='ltr'>adimpleri,</span> <span class='ocrx_word' id='word_1_129' title='bbox 1023 1843 1079 1906; x_wconf 91' lang='lat' dir='ltr'>ubi</span> <span class='ocrx_word' id='word_1_130' title='bbox 1101 1842 1261 1906; x_wconf 91' lang='lat' dir='ltr'>Dominus</span> <span class='ocrx_word' id='word_1_131' title='bbox 1284 1843 1317 1906; x_wconf 92' lang='lat' dir='ltr'>in</span> 
     </span>
     <span class='ocr_line' id='line_1_18' title="bbox 166 1928 1316 2015; baseline 0.001 -23"><span class='ocrx_word' id='word_1_132' title='bbox 166 1930 239 2014; x_wconf 88' lang='lat' dir='ltr'>lege</span> <span class='ocrx_word' id='word_1_133' title='bbox 255 1929 444 2014; x_wconf 88' lang='lat' dir='ltr'>promiserat</span> <span class='ocrx_word' id='word_1_134' title='bbox 458 1930 549 1992; x_wconf 86' lang='lat' dir='ltr'>unius</span> <span class='ocrx_word' id='word_1_135' title='bbox 565 1929 639 1993; x_wconf 92' lang='lat' dir='ltr'>anui</span> <span class='ocrx_word' id='word_1_136' title='bbox 656 1929 777 1993; x_wconf 89' lang='lat' dir='ltr'>fructus</span> <span class='ocrx_word' id='word_1_137' title='bbox 793 1931 849 1992; x_wconf 74' lang='lat' dir='ltr'>sua</span> <span class='ocrx_word' id='word_1_138' title='bbox 859 1928 1085 1993; x_wconf 90' lang='lat' dir='ltr'>benedictione</span> <span class='ocrx_word' id='word_1_139' title='bbox 1101 1929 1316 2015; x_wconf 88' lang='lat' dir='ltr'>multiplicari,</span> 
     </span>
     <span class='ocr_line' id='line_1_19' title="bbox 168 2016 1319 2103; baseline 0.001 -21"><span class='ocrx_word' id='word_1_140' title='bbox 168 2031 201 2082; x_wconf 90' lang='lat' dir='ltr'>et</span> <span class='ocrx_word' id='word_1_141' title='bbox 218 2030 328 2080; x_wconf 90' lang='lat' dir='ltr'>vetera</span> <span class='ocrx_word' id='word_1_142' title='bbox 343 2017 499 2093; x_wconf 84' lang='lat' dir='ltr'>sufficere,</span> <span class='ocrx_word' id='word_1_143' title='bbox 517 2040 683 2103; x_wconf 83' lang='lat' dir='ltr'>quousque</span> <span class='ocrx_word' id='word_1_144' title='bbox 705 2016 780 2080; x_wconf 92' lang='lat' dir='ltr'>novi</span> <span class='ocrx_word' id='word_1_145' title='bbox 798 2016 920 2081; x_wconf 83' lang='lat' dir='ltr'>fructus</span> <span class='ocrx_word' id='word_1_146' title='bbox 943 2030 1074 2101; x_wconf 89' lang='lat' dir='ltr'>possent</span> <span class='ocrx_word' id='word_1_147' title='bbox 1090 2018 1220 2082; x_wconf 89' lang='lat' dir='ltr'>novalia</span> <span class='ocrx_word' id='word_1_148' title='bbox 1233 2041 1319 2083; x_wconf 54' lang='lat' dir='ltr'>com«</span> 
     </span>
     <span class='ocr_line' id='line_1_20' title="bbox 167 2103 1319 2189; baseline 0.001 -22"><span class='ocrx_word' id='word_1_149' title='bbox 167 2105 333 2189; x_wconf 90' lang='lat' dir='ltr'>pensando</span> <span class='ocrx_word' id='word_1_150' title='bbox 342 2104 507 2188; x_wconf 84' lang='lat' dir='ltr'>colligere.</span> <span class='ocrx_word' id='word_1_151' title='bbox 546 2104 619 2168; x_wconf 92' lang='lat' dir='ltr'>Hoc</span> <span class='ocrx_word' id='word_1_152' title='bbox 632 2103 822 2168; x_wconf 85' lang='lat' dir='ltr'>miraculum</span> <span class='ocrx_word' id='word_1_153' title='bbox 833 2103 919 2168; x_wconf 87' lang='lat' dir='ltr'>idern</span> <span class='ocrx_word' id='word_1_154' title='bbox 934 2104 1097 2181; x_wconf 88' lang='lat' dir='ltr'>Paulinus,</span> <span class='ocrx_word' id='word_1_155' title='bbox 1110 2106 1319 2189; x_wconf 89' lang='lat' dir='ltr'>postmodum</span> 
     </span>
     <span class='ocr_line' id='line_1_21' title="bbox 168 2191 1321 2278; baseline 0.002 -25"><span class='ocrx_word' id='word_1_156' title='bbox 168 2191 315 2275; x_wconf 92' lang='lat' dir='ltr'>subprior</span> <span class='ocrx_word' id='word_1_157' title='bbox 330 2191 444 2268; x_wconf 87' lang='lat' dir='ltr'>factus,</span> <span class='ocrx_word' id='word_1_158' title='bbox 458 2214 554 2278; x_wconf 91' lang='lat' dir='ltr'>quam</span> <span class='ocrx_word' id='word_1_159' title='bbox 570 2191 686 2276; x_wconf 68' lang='lat' dir='ltr'>saepius</span> <span class='ocrx_word' id='word_1_160' title='bbox 702 2191 742 2255; x_wconf 91' lang='lat' dir='ltr'>ad</span> <span class='ocrx_word' id='word_1_161' title='bbox 758 2191 898 2255; x_wconf 85' lang='lat' dir='ltr'>caritatis</span> <span class='ocrx_word' id='word_1_162' title='bbox 914 2191 1158 2273; x_wconf 77' lang='lat' dir='ltr'>monimentum,</span> <span class='ocrx_word' id='word_1_163' title='bbox 1175 2205 1210 2256; x_wconf 89' lang='lat' dir='ltr'>et</span> <span class='ocrx_word' id='word_1_164' title='bbox 1224 2193 1321 2276; x_wconf 90' lang='lat' dir='ltr'>largi·</span> 
     </span>
     <span class='ocr_line' id='line_1_22' title="bbox 167 2278 1319 2366; baseline 0.004 -26"><span class='ocrx_word' id='word_1_165' title='bbox 167 2279 247 2364; x_wconf 64' lang='lat' dir='ltr'>flssae.</span> <span class='ocrx_word' id='word_1_166' title='bbox 258 2278 352 2341; x_wconf 87' lang='lat' dir='ltr'>Beati</span> <span class='ocrx_word' id='word_1_167' title='bbox 365 2278 537 2343; x_wconf 87' lang='lat' dir='ltr'>Cuthberti</span> <span class='ocrx_word' id='word_1_168' title='bbox 548 2278 778 2345; x_wconf 88' lang='lat' dir='ltr'>habundantiae</span> <span class='ocrx_word' id='word_1_169' title='bbox 794 2278 989 2363; x_wconf 89' lang='lat' dir='ltr'>exemplum,</span> <span class='ocrx_word' id='word_1_170' title='bbox 1007 2282 1104 2366; x_wconf 67' lang='lat' dir='ltr'>quim</span> <span class='ocrx_word' id='word_1_171' title='bbox 1116 2279 1319 2366; x_wconf 71' lang='lat' dir='ltr'>frequentius</span> 
     </span>
     <span class='ocr_line' id='line_1_23' title="bbox 167 2364 1320 2456; baseline 0.003 -29"><span class='ocrx_word' id='word_1_172' title='bbox 167 2364 288 2437; x_wconf 85' lang='lat' dir='ltr'>referre</span> <span class='ocrx_word' id='word_1_173' title='bbox 304 2379 374 2428; x_wconf 91' lang='lat' dir='ltr'>erat</span> <span class='ocrx_word' id='word_1_174' title='bbox 389 2365 513 2430; x_wconf 85' lang='lat' dir='ltr'>solitus.</span> <span class='ocrx_word' id='word_1_175' title='bbox 554 2365 597 2429; x_wconf 87' lang='lat' dir='ltr'>Et</span> <span class='ocrx_word' id='word_1_176' title='bbox 613 2365 682 2449; x_wconf 90' lang='lat' dir='ltr'>ipsi,</span> <span class='ocrx_word' id='word_1_177' title='bbox 700 2365 755 2452; x_wconf 92' lang='lat' dir='ltr'>qui</span> <span class='ocrx_word' id='word_1_178' title='bbox 771 2365 917 2431; x_wconf 89' lang='lat' dir='ltr'>viderant</span> <span class='ocrx_word' id='word_1_179' title='bbox 932 2380 966 2433; x_wconf 85' lang='lat' dir='ltr'>et</span> <span class='ocrx_word' id='word_1_180' title='bbox 980 2380 1209 2451; x_wconf 79' lang='lat' dir='ltr'>cognoverant,</span> <span class='ocrx_word' id='word_1_181' title='bbox 1224 2369 1320 2456; x_wconf 75' lang='lat' dir='ltr'>quim</span> 
     </span>
     <span class='ocr_line' id='line_1_24' title="bbox 168 2451 895 2538; baseline 0.004 -24"><span class='ocrx_word' id='word_1_182' title='bbox 168 2451 286 2537; x_wconf 92' lang='lat' dir='ltr'>plures,</span> <span class='ocrx_word' id='word_1_183' title='bbox 304 2452 520 2516; x_wconf 90' lang='lat' dir='ltr'>testimonium</span> <span class='ocrx_word' id='word_1_184' title='bbox 537 2452 577 2517; x_wconf 91' lang='lat' dir='ltr'>de</span> <span class='ocrx_word' id='word_1_185' title='bbox 593 2451 652 2517; x_wconf 89' lang='lat' dir='ltr'>hiis</span> <span class='ocrx_word' id='word_1_186' title='bbox 671 2452 895 2538; x_wconf 83' lang='lat' dir='ltr'>perhibebant.</span> 
     </span>
    </p>
   </div>
   <div class='ocr_carea' id='block_1_3' title="bbox 172 2715 1321 2975">
    <p class='ocr_par' dir='ltr' id='par_1_3' title="bbox 172 2715 1321 2975">
     <span class='ocr_line' id='line_1_25' title="bbox 172 2715 1321 2800; baseline 0.003 -20"><span class='ocrx_word' id='word_1_187' title='bbox 172 2716 272 2780; x_wconf 86' lang='lat' dir='ltr'>CAP.</span> <span class='ocrx_word' id='word_1_188' title='bbox 294 2715 612 2794; x_wconf 76' lang='lat' dir='ltr'>CVIIL-Qualiter</span> <span class='ocrx_word' id='word_1_189' title='bbox 630 2718 761 2781; x_wconf 75' lang='lat' dir='ltr'>Sanctus</span> <span class='ocrx_word' id='word_1_190' title='bbox 778 2719 958 2782; x_wconf 78' lang='lat' dir='ltr'>Cuthbertua</span> <span class='ocrx_word' id='word_1_191' title='bbox 978 2739 1099 2782; x_wconf 81' lang='lat' dir='ltr'>menam</span> <span class='ocrx_word' id='word_1_192' title='bbox 1118 2721 1237 2800; x_wconf 66' lang='lat' dir='ltr'>petella</span> <span class='ocrx_word' id='word_1_193' title='bbox 1249 2740 1321 2797; x_wconf 53' lang='lat' dir='ltr'>conf</span> 
     </span>
     <span class='ocr_line' id='line_1_26' title="bbox 256 2806 1321 2889; baseline 0.008 -24"><span class='ocrx_word' id='word_1_194' title='bbox 256 2812 387 2866; x_wconf 81' lang='lat' dir='ltr'>tractam</span> <span class='ocrx_word' id='word_1_195' title='bbox 409 2807 576 2880; x_wconf 71' lang='lat' dir='ltr'>satiaverit,</span> <span class='ocrx_word' id='word_1_196' title='bbox 593 2825 686 2886; x_wconf 87' lang='lat' dir='ltr'>quam</span> <span class='ocrx_word' id='word_1_197' title='bbox 705 2808 858 2884; x_wconf 65' lang='lat' dir='ltr'>phariseus</span> <span class='ocrx_word' id='word_1_198' title='bbox 876 2809 939 2870; x_wconf 79' lang='lat' dir='ltr'>Dei</span> <span class='ocrx_word' id='word_1_199' title='bbox 960 2806 1091 2889; x_wconf 74' lang='lat' dir='ltr'>Murtyr</span> <span class='ocrx_word' id='word_1_200' title='bbox 1111 2808 1321 2888; x_wconf 58' lang='lat' dir='ltr'>wormius,</span> 
     </span>
     <span class='ocr_line' id='line_1_27' title="bbox 257 2893 887 2975; baseline 0.006 -23"><span class='ocrx_word' id='word_1_201' title='bbox 257 2911 323 2953; x_wconf 78' lang='lat' dir='ltr'>suae</span> <span class='ocrx_word' id='word_1_202' title='bbox 338 2893 416 2971; x_wconf 58' lang='lat' dir='ltr'>ultor</span> <span class='ocrx_word' id='word_1_203' title='bbox 432 2893 565 2973; x_wconf 70' lang='lat' dir='ltr'>injuriae,</span> <span class='ocrx_word' id='word_1_204' title='bbox 582 2894 724 2955; x_wconf 78' lang='lat' dir='ltr'>contrahi</span> <span class='ocrx_word' id='word_1_205' title='bbox 738 2894 887 2975; x_wconf 59' lang='lat' dir='ltr'>effecero.</span> 
     </span>
    </p>
   </div>
   <div class='ocr_carea' id='block_1_4' title="bbox 170 3064 1327 4378">
    <p class='ocr_par' dir='ltr' id='par_1_4' title="bbox 170 3064 1327 4378">
     <span class='ocr_line' id='line_1_28' title="bbox 219 3064 1326 3152; baseline 0.004 -23"><span class='ocrx_word' id='word_1_206' title='bbox 219 3065 323 3129; x_wconf 89' lang='lat' dir='ltr'>Omne</span> <span class='ocrx_word' id='word_1_207' title='bbox 339 3065 427 3151; x_wconf 94' lang='lat' dir='ltr'>quod</span> <span class='ocrx_word' id='word_1_208' title='bbox 443 3064 574 3128; x_wconf 86' lang='lat' dir='ltr'>devotio</span> <span class='ocrx_word' id='word_1_209' title='bbox 594 3064 790 3149; x_wconf 71' lang='lat' dir='ltr'>perficiendo</span> <span class='ocrx_word' id='word_1_210' title='bbox 809 3065 960 3150; x_wconf 86' lang='lat' dir='ltr'>explicat,</span> <span class='ocrx_word' id='word_1_211' title='bbox 977 3067 1113 3149; x_wconf 72' lang='lat' dir='ltr'>caelestis</span> <span class='ocrx_word' id='word_1_212' title='bbox 1132 3066 1238 3150; x_wconf 78' lang='lat' dir='ltr'>gratia</span> <span class='ocrx_word' id='word_1_213' title='bbox 1251 3067 1326 3152; x_wconf 80' lang='lat' dir='ltr'>dig-</span> 
     </span>
     <span class='ocr_line' id='line_1_29' title="bbox 171 3151 1322 3233; baseline 0.003 -18"><span class='ocrx_word' id='word_1_214' title='bbox 171 3168 285 3217; x_wconf 87' lang='lat' dir='ltr'>nanter</span> <span class='ocrx_word' id='word_1_215' title='bbox 308 3167 502 3216; x_wconf 88' lang='lat' dir='ltr'>remunerat.</span> <span class='ocrx_word' id='word_1_216' title='bbox 544 3151 658 3217; x_wconf 81' lang='lat' dir='ltr'>Nemo</span> <span class='ocrx_word' id='word_1_217' title='bbox 681 3151 766 3217; x_wconf 89' lang='lat' dir='ltr'>euim</span> <span class='ocrx_word' id='word_1_218' title='bbox 795 3152 929 3217; x_wconf 92' lang='lat' dir='ltr'>Domini</span> <span class='ocrx_word' id='word_1_219' title='bbox 955 3152 1158 3233; x_wconf 78' lang='lat' dir='ltr'>clementiam</span> <span class='ocrx_word' id='word_1_220' title='bbox 1180 3154 1322 3219; x_wconf 84' lang='lat' dir='ltr'>fideliter</span> 
     </span>
     <span class='ocr_line' id='line_1_30' title="bbox 170 3239 1325 3324; baseline 0.005 -23"><span class='ocrx_word' id='word_1_221' title='bbox 170 3239 318 3323; x_wconf 86' lang='lat' dir='ltr'>expetiit,</span> <span class='ocrx_word' id='word_1_222' title='bbox 336 3253 370 3303; x_wconf 94' lang='lat' dir='ltr'>et</span> <span class='ocrx_word' id='word_1_223' title='bbox 394 3239 686 3324; x_wconf 83' lang='lat' dir='ltr'>precibuscassatis</span> <span class='ocrx_word' id='word_1_224' title='bbox 709 3240 958 3305; x_wconf 89' lang='lat' dir='ltr'>misericordiam</span> <span class='ocrx_word' id='word_1_225' title='bbox 982 3242 1066 3306; x_wconf 90' lang='lat' dir='ltr'>illius</span> <span class='ocrx_word' id='word_1_226' title='bbox 1086 3263 1148 3304; x_wconf 93' lang='lat' dir='ltr'>non</span> <span class='ocrx_word' id='word_1_227' title='bbox 1168 3241 1325 3307; x_wconf 89' lang='lat' dir='ltr'>obtinuit.</span> 
     </span>
     <span class='ocr_line' id='line_1_31' title="bbox 171 3325 1322 3425; baseline 0.005 -36"><span class='ocrx_word' id='word_1_228' title='bbox 171 3325 257 3390; x_wconf 92' lang='lat' dir='ltr'>Nam</span> <span class='ocrx_word' id='word_1_229' title='bbox 273 3328 360 3425; x_wconf 91' lang='lat' dir='ltr'>quod</span> <span class='ocrx_word' id='word_1_230' title='bbox 377 3329 443 3412; x_wconf 89' lang='lat' dir='ltr'>ipse</span> <span class='ocrx_word' id='word_1_231' title='bbox 459 3326 623 3392; x_wconf 85' lang='lat' dir='ltr'>secretiori</span> <span class='ocrx_word' id='word_1_232' title='bbox 633 3328 777 3392; x_wconf 86' lang='lat' dir='ltr'>veritatis</span> <span class='ocrx_word' id='word_1_233' title='bbox 792 3351 859 3391; x_wconf 88' lang='lat' dir='ltr'>suae</span> <span class='ocrx_word' id='word_1_234' title='bbox 869 3328 994 3412; x_wconf 90' lang='lat' dir='ltr'>judicio</span> <span class='ocrx_word' id='word_1_235' title='bbox 1004 3352 1068 3392; x_wconf 93' lang='lat' dir='ltr'>non</span> <span class='ocrx_word' id='word_1_236' title='bbox 1079 3327 1172 3393; x_wconf 78' lang='lat' dir='ltr'>ciuus</span> <span class='ocrx_word' id='word_1_237' title='bbox 1187 3343 1322 3414; x_wconf 80' lang='lat' dir='ltr'>praestat</span> 
     </span>
     <span class='ocr_line' id='line_1_32' title="bbox 171 3414 1322 3504; baseline 0.004 -27"><span class='ocrx_word' id='word_1_238' title='bbox 171 3428 227 3477; x_wconf 93' lang='lat' dir='ltr'>aut</span> <span class='ocrx_word' id='word_1_239' title='bbox 251 3415 373 3491; x_wconf 89' lang='lat' dir='ltr'>tnbuit,</span> <span class='ocrx_word' id='word_1_240' title='bbox 395 3415 456 3477; x_wconf 91' lang='lat' dir='ltr'>hoc</span> <span class='ocrx_word' id='word_1_241' title='bbox 480 3428 612 3499; x_wconf 85' lang='lat' dir='ltr'>propter</span> <span class='ocrx_word' id='word_1_242' title='bbox 634 3414 811 3478; x_wconf 88' lang='lat' dir='ltr'>electorum</span> <span class='ocrx_word' id='word_1_243' title='bbox 835 3438 964 3485; x_wconf 91' lang='lat' dir='ltr'>suorum</span> <span class='ocrx_word' id='word_1_244' title='bbox 988 3418 1104 3480; x_wconf 87' lang='lat' dir='ltr'>merita</span> <span class='ocrx_word' id='word_1_245' title='bbox 1125 3417 1322 3504; x_wconf 86' lang='lat' dir='ltr'>quandoque</span> 
     </span>
     <span class='ocr_line' id='line_1_33' title="bbox 170 3500 1324 3588; baseline 0.003 -24"><span class='ocrx_word' id='word_1_246' title='bbox 170 3500 376 3565; x_wconf 68' lang='lat' dir='ltr'>acceleratihs</span> <span class='ocrx_word' id='word_1_247' title='bbox 392 3502 613 3566; x_wconf 83' lang='lat' dir='ltr'>accommodat</span> <span class='ocrx_word' id='word_1_248' title='bbox 629 3516 663 3565; x_wconf 91' lang='lat' dir='ltr'>et</span> <span class='ocrx_word' id='word_1_249' title='bbox 682 3501 836 3587; x_wconf 90' lang='lat' dir='ltr'>impertit.</span> <span class='ocrx_word' id='word_1_250' title='bbox 886 3502 982 3576; x_wconf 88' lang='lat' dir='ltr'>Quod</span> <span class='ocrx_word' id='word_1_251' title='bbox 999 3525 1101 3588; x_wconf 90' lang='lat' dir='ltr'>nuper</span> <span class='ocrx_word' id='word_1_252' title='bbox 1115 3515 1150 3567; x_wconf 90' lang='lat' dir='ltr'>et</span> <span class='ocrx_word' id='word_1_253' title='bbox 1164 3504 1324 3581; x_wconf 75' lang='lat' dir='ltr'>moderna</span> 
     </span>
     <span class='ocr_line' id='line_1_34' title="bbox 171 3588 1322 3676; baseline 0.006 -26"><span class='ocrx_word' id='word_1_254' title='bbox 171 3600 317 3672; x_wconf 91' lang='lat' dir='ltr'>tempore</span> <span class='ocrx_word' id='word_1_255' title='bbox 333 3588 430 3673; x_wconf 91' lang='lat' dir='ltr'>ipsius</span> <span class='ocrx_word' id='word_1_256' title='bbox 446 3589 595 3673; x_wconf 91' lang='lat' dir='ltr'>operibus</span> <span class='ocrx_word' id='word_1_257' title='bbox 616 3590 806 3653; x_wconf 89' lang='lat' dir='ltr'>Sanctorum</span> <span class='ocrx_word' id='word_1_258' title='bbox 824 3589 888 3654; x_wconf 91' lang='lat' dir='ltr'>Dei</span> <span class='ocrx_word' id='word_1_259' title='bbox 910 3591 1045 3675; x_wconf 91' lang='lat' dir='ltr'>preciosi</span> <span class='ocrx_word' id='word_1_260' title='bbox 1068 3591 1215 3676; x_wconf 86' lang='lat' dir='ltr'>martyris</span> <span class='ocrx_word' id='word_1_261' title='bbox 1227 3591 1322 3657; x_wconf 87' lang='lat' dir='ltr'>Lau·</span> 
     </span>
     <span class='ocr_line' id='line_1_35' title="bbox 170 3675 1323 3763; baseline 0.005 -26"><span class='ocrx_word' id='word_1_262' title='bbox 170 3675 275 3752; x_wconf 88' lang='lat' dir='ltr'>rentii,</span> <span class='ocrx_word' id='word_1_263' title='bbox 293 3689 327 3739; x_wconf 87' lang='lat' dir='ltr'>et</span> <span class='ocrx_word' id='word_1_264' title='bbox 343 3675 472 3759; x_wconf 86' lang='lat' dir='ltr'>gloriosi</span> <span class='ocrx_word' id='word_1_265' title='bbox 492 3676 655 3763; x_wconf 85' lang='lat' dir='ltr'>Pontificis</span> <span class='ocrx_word' id='word_1_266' title='bbox 673 3675 805 3740; x_wconf 90' lang='lat' dir='ltr'>Domini</span> <span class='ocrx_word' id='word_1_267' title='bbox 824 3677 995 3742; x_wconf 90' lang='lat' dir='ltr'>Cuthberti</span> <span class='ocrx_word' id='word_1_268' title='bbox 1011 3677 1225 3762; x_wconf 88' lang='lat' dir='ltr'>comperimus</span> <span class='ocrx_word' id='word_1_269' title='bbox 1246 3701 1323 3762; x_wconf 86' lang='lat' dir='ltr'>pro·</span> 
     </span>
     <span class='ocr_line' id='line_1_36' title="bbox 171 3763 1320 3850; baseline 0.006 -26"><span class='ocrx_word' id='word_1_270' title='bbox 171 3765 306 3826; x_wconf 89' lang='lat' dir='ltr'>venisse.</span> <span class='ocrx_word' id='word_1_271' title='bbox 355 3763 433 3826; x_wconf 87' lang='lat' dir='ltr'>Erat</span> <span class='ocrx_word' id='word_1_272' title='bbox 461 3763 618 3848; x_wconf 90' lang='lat' dir='ltr'>siquidem</span> <span class='ocrx_word' id='word_1_273' title='bbox 642 3764 689 3827; x_wconf 88' lang='lat' dir='ltr'>vir</span> <span class='ocrx_word' id='word_1_274' title='bbox 715 3763 856 3850; x_wconf 88' lang='lat' dir='ltr'>quidam,</span> <span class='ocrx_word' id='word_1_275' title='bbox 881 3765 1010 3831; x_wconf 91' lang='lat' dir='ltr'>nomine</span> <span class='ocrx_word' id='word_1_276' title='bbox 1041 3765 1176 3849; x_wconf 89' lang='lat' dir='ltr'>Sproich</span> <span class='ocrx_word' id='word_1_277' title='bbox 1202 3765 1320 3845; x_wconf 88' lang='lat' dir='ltr'>dictus,</span> 
     </span>
     <span class='ocr_line' id='line_1_37' title="bbox 173 3848 1327 3938; baseline 0.004 -25"><span class='ocrx_word' id='word_1_278' title='bbox 173 3848 310 3934; x_wconf 86' lang='lat' dir='ltr'>Anglico</span> <span class='ocrx_word' id='word_1_279' title='bbox 325 3873 491 3925; x_wconf 85' lang='lat' dir='ltr'>sermone3</span> <span class='ocrx_word' id='word_1_280' title='bbox 511 3851 566 3937; x_wconf 92' lang='lat' dir='ltr'>qui</span> <span class='ocrx_word' id='word_1_281' title='bbox 590 3874 711 3937; x_wconf 86' lang='lat' dir='ltr'>pauper</span> <span class='ocrx_word' id='word_1_282' title='bbox 726 3851 857 3938; x_wconf 90' lang='lat' dir='ltr'>quidem</span> <span class='ocrx_word' id='word_1_283' title='bbox 877 3866 910 3915; x_wconf 90' lang='lat' dir='ltr'>et</span> <span class='ocrx_word' id='word_1_284' title='bbox 930 3852 1034 3917; x_wconf 93' lang='lat' dir='ltr'>tenuis</span> <span class='ocrx_word' id='word_1_285' title='bbox 1050 3852 1134 3916; x_wconf 68' lang='lat' dir='ltr'>fama</span> <span class='ocrx_word' id='word_1_286' title='bbox 1151 3852 1201 3916; x_wconf 90' lang='lat' dir='ltr'>vel</span> <span class='ocrx_word' id='word_1_287' title='bbox 1219 3853 1327 3918; x_wconf 79' lang='lat' dir='ltr'>facul·</span> 
     </span>
     <span class='ocr_line' id='line_1_38' title="bbox 170 3937 1321 4027; baseline 0.004 -27"><span class='ocrx_word' id='word_1_288' title='bbox 170 3950 259 4012; x_wconf 83' lang='lat' dir='ltr'>tate3</span> <span class='ocrx_word' id='word_1_289' title='bbox 281 3937 370 4001; x_wconf 90' lang='lat' dir='ltr'>dives</span> <span class='ocrx_word' id='word_1_290' title='bbox 398 3951 505 4002; x_wconf 87' lang='lat' dir='ltr'>tamen</span> <span class='ocrx_word' id='word_1_291' title='bbox 529 3939 605 4013; x_wconf 87' lang='lat' dir='ltr'>fide,</span> <span class='ocrx_word' id='word_1_292' title='bbox 630 3953 663 4002; x_wconf 90' lang='lat' dir='ltr'>et</span> <span class='ocrx_word' id='word_1_293' title='bbox 687 3939 739 4024; x_wconf 75' lang='lat' dir='ltr'>pit</span> <span class='ocrx_word' id='word_1_294' title='bbox 763 3939 1017 4004; x_wconf 87' lang='lat' dir='ltr'>conversatione.</span> <span class='ocrx_word' id='word_1_295' title='bbox 1066 3939 1128 4004; x_wconf 93' lang='lat' dir='ltr'>Hic</span> <span class='ocrx_word' id='word_1_296' title='bbox 1155 3954 1321 4027; x_wconf 71' lang='lat' dir='ltr'>praecepto</span> 
     </span>
     <span class='ocr_line' id='line_1_39' title="bbox 172 4024 1322 4112; baseline 0.003 -23"><span class='ocrx_word' id='word_1_297' title='bbox 172 4024 397 4089; x_wconf 89' lang='lat' dir='ltr'>Dunelmensis</span> <span class='ocrx_word' id='word_1_298' title='bbox 415 4024 635 4089; x_wconf 84' lang='lat' dir='ltr'>Elemosinarii</span> <span class='ocrx_word' id='word_1_299' title='bbox 645 4026 791 4110; x_wconf 91' lang='lat' dir='ltr'>pontium</span> <span class='ocrx_word' id='word_1_300' title='bbox 804 4027 911 4091; x_wconf 91' lang='lat' dir='ltr'>diruta</span> <span class='ocrx_word' id='word_1_301' title='bbox 922 4026 1122 4091; x_wconf 91' lang='lat' dir='ltr'>restituendo</span> <span class='ocrx_word' id='word_1_302' title='bbox 1133 4029 1322 4112; x_wconf 87' lang='lat' dir='ltr'>reparabat;</span> 
     </span>
     <span class='ocr_line' id='line_1_40' title="bbox 170 4112 1327 4199; baseline 0.003 -23"><span class='ocrx_word' id='word_1_303' title='bbox 170 4113 323 4176; x_wconf 87' lang='lat' dir='ltr'>semiruta</span> <span class='ocrx_word' id='word_1_304' title='bbox 337 4112 511 4176; x_wconf 86' lang='lat' dir='ltr'>relevando</span> <span class='ocrx_word' id='word_1_305' title='bbox 526 4112 739 4190; x_wconf 83' lang='lat' dir='ltr'>resarciebat3</span> <span class='ocrx_word' id='word_1_306' title='bbox 756 4131 789 4178; x_wconf 92' lang='lat' dir='ltr'>et</span> <span class='ocrx_word' id='word_1_307' title='bbox 805 4113 859 4178; x_wconf 91' lang='lat' dir='ltr'>ubi</span> <span class='ocrx_word' id='word_1_308' title='bbox 873 4114 1044 4196; x_wconf 85' lang='lat' dir='ltr'>necessitas</span> <span class='ocrx_word' id='word_1_309' title='bbox 1055 4114 1250 4199; x_wconf 86' lang='lat' dir='ltr'>imperabat,</span> <span class='ocrx_word' id='word_1_310' title='bbox 1264 4138 1327 4179; x_wconf 86' lang='lat' dir='ltr'>no·</span> 
     </span>
     <span class='ocr_line' id='line_1_41' title="bbox 170 4198 1324 4288; baseline 0.008 -29"><span class='ocrx_word' id='word_1_311' title='bbox 170 4222 226 4262; x_wconf 89' lang='lat' dir='ltr'>vos</span> <span class='ocrx_word' id='word_1_312' title='bbox 249 4199 421 4286; x_wconf 86' lang='lat' dir='ltr'>aliquando</span> <span class='ocrx_word' id='word_1_313' title='bbox 445 4198 589 4283; x_wconf 88' lang='lat' dir='ltr'>pontium</span> <span class='ocrx_word' id='word_1_314' title='bbox 615 4199 769 4275; x_wconf 86' lang='lat' dir='ltr'>transitus.</span> <span class='ocrx_word' id='word_1_315' title='bbox 791 4201 993 4285; x_wconf 84' lang='lat' dir='ltr'>conficiebat.</span> <span class='ocrx_word' id='word_1_316' title='bbox 1043 4201 1109 4287; x_wconf 78' lang='lat' dir='ltr'>Qui</span> <span class='ocrx_word' id='word_1_317' title='bbox 1132 4201 1164 4265; x_wconf 88' lang='lat' dir='ltr'>in</span> <span class='ocrx_word' id='word_1_318' title='bbox 1181 4203 1324 4288; x_wconf 44' lang='lat' dir='ltr'>,regione</span> 
     </span>
     <span class='ocr_line' id='line_1_42' title="bbox 172 4285 1321 4378; baseline 0.005 -30"><span class='ocrx_word' id='word_1_319' title='bbox 172 4285 444 4373; x_wconf 71' lang='lat' dir='ltr'>Northymbrand,</span> <span class='ocrx_word' id='word_1_320' title='bbox 455 4300 531 4371; x_wconf 78' lang='lat' dir='ltr'>quae</span> <span class='ocrx_word' id='word_1_321' title='bbox 546 4286 684 4352; x_wconf 74' lang='lat' dir='ltr'>&#39;lindale</span> <span class='ocrx_word' id='word_1_322' title='bbox 700 4287 827 4366; x_wconf 88' lang='lat' dir='ltr'>dicitur,</span> <span class='ocrx_word' id='word_1_323' title='bbox 837 4286 1101 4368; x_wconf 87' lang='lat' dir='ltr'>conversabatur,</span> <span class='ocrx_word' id='word_1_324' title='bbox 1113 4288 1144 4352; x_wconf 92' lang='lat' dir='ltr'>in</span> <span class='ocrx_word' id='word_1_325' title='bbox 1157 4288 1231 4354; x_wconf 72' lang='lat' dir='ltr'>villa</span> <span class='ocrx_word' id='word_1_326' title='bbox 1245 4313 1321 4378; x_wconf 73' lang='lat' dir='ltr'>quae</span> 
     </span>
    </p>
   </div>
   <div class='ocr_carea' id='block_1_5' title="bbox 0 0 1482 4966">
    <p class='ocr_par' dir='ltr' id='par_1_5' title="bbox 0 0 1482 4966">
     <span class='ocr_line' id='line_1_43' title="bbox 0 0 1482 4966; baseline 0 0"><span class='ocrx_word' id='word_1_327' title='bbox 0 0 1482 4966; x_wconf 95' lang='lat' dir='ltr'> </span> 
     </span>
    </p>
   </div>
  </div>
 </body>
</html>
